{
 "results": [
  {
   "sku": "30017391",
   "displayName": "WC Pappír",
   "brand": "Anglamark",
   "weight": "500 gr.",
   "country": "SE",
   "productTeaser": "8 stk.",
   "salesPrice": 1299.0,
   "pricePerUnit": 2598.0,
   "unitOfMeasure": "kg.",
   "icons": [
    "NordicEcolabel"
   ],
   "hazardLabels": [],
   "imageUrl": "https://cdne-image-prod-samkaup.azureedge.net/images-pim/30017391/30017391.png",
   "offer": null,
   "bonus": null,
   "breadcrumbs": [
    {
     "name": "Vörur",
     "url": "/voerur/",
     "categoryId": null,
     "categoryImageUrl": "https://cdne-image-prod-samkaup.azureedge.net/images-cms/media/0btnugbh/fruits-and-vegetables-768x512.jpg",
     "level": 0
    },
    {
     "name": "Heimilisvörur",
     "url": "/voerur/heimilisvoerur/",
     "categoryId": "61aa173cdfbb03c07550ae16",
     "categoryImageUrl": "https://cdne-image-prod-samkaup.azureedge.net/images-cms/media/r02bbbqt/heimilisvoerur-1000-500-px.png",
     "level": 1
    },
    {
     "name": "Salernis- og eldhúspappír",
     "url": "/voerur/heimilisvoerur/salernis-og-eldhuspappir/",
     "categoryId": "61afa97fc665e1cda6403bd0",
     "categoryImageUrl": "https://cdne-image-prod-samkaup.azureedge.net/images-cms/media/3xjbmn30/salerins-og-eldhúspappír-1000-500-px.png",
     "level": 2
    },
    {
     "name": "Salernispappír",
     "url": "/voerur/heimilisvoerur/salernis-og-eldhuspappir/salernispappir/",
     "categoryId": "61afa9b8dfbb03c0755103a3",
     "categoryImageUrl": "https://cdne-image-prod-samkaup.azureedge.net/images-cms/media/bgbf4a3r/empty-top-100.png",
     "level": 3
    }
   ],
   "url": "/voerur/heimilisvoerur/salernis-og-eldhuspappir/salernispappir/wc-pappir-p-30017391",
   "availableInStock": 25,
   "alwaysInStock": false
  },
  {
   "sku": "30148732",
   "displayName": "Salernispappír Comfort",
   "brand": "Lotus",
   "weight": "",
   "country": "SE",
   "productTeaser": "8 stk.",
   "salesPrice": 859.0,
   "pricePerUnit": null,
   "unitOfMeasure": null,
   "icons": [
    "NordicEcolabel"
   ],
   "hazardLabels": [],
   "imageUrl": "https://cdne-image-prod-samkaup.azureedge.net/images-pim/30148732/30148732.jpg",
   "offer": null,
   "bonus": null,
   "breadcrumbs": [
    {
     "name": "Vörur",
     "url": "/voerur/",
     "categoryId": null,
     "categoryImageUrl": "https://cdne-image-prod-samkaup.azureedge.net/images-cms/media/0btnugbh/fruits-and-vegetables-768x512.jpg",
     "level": 0
    },
    {
     "name": "Heimilisvörur",
     "url": "/voerur/heimilisvoerur/",
     "categoryId": "61aa173cdfbb03c07550ae16",
     "categoryImageUrl": "https://cdne-image-prod-samkaup.azureedge.net/images-cms/media/r02bbbqt/heimilisvoerur-1000-500-px.png",
     "level": 1
    },
    {
     "name": "Salernis- og eldhúspappír",
     "url": "/voerur/heimilisvoerur/salernis-og-eldhuspappir/",
     "categoryId": "61afa97fc665e1cda6403bd0",
     "categoryImageUrl": "https://cdne-image-prod-samkaup.azureedge.net/images-cms/media/3xjbmn30/salerins-og-eldhúspappír-1000-500-px.png",
     "level": 2
    },
    {
     "name": "Salernispappír",
     "url": "/voerur/heimilisvoerur/salernis-og-eldhuspappir/salernispappir/",
     "categoryId": "61afa9b8dfbb03c0755103a3",
     "categoryImageUrl": "https://cdne-image-prod-samkaup.azureedge.net/images-cms/media/bgbf4a3r/empty-top-100.png",
     "level": 3
    }
   ],
   "url": "/voerur/heimilisvoerur/salernis-og-eldhuspappir/salernispappir/salernispappir-comfort-p-30148732",
   "availableInStock": 185,
   "alwaysInStock": false
  },
  {
   "sku": "30055214",
   "displayName": "Eldhúsrúllur",
   "brand": "Lambi",
   "weight": "",
   "country": "SE",
   "productTeaser": "4 stk.",
   "salesPrice": 819.0,
   "pricePerUnit": null,
   "unitOfMeasure": null,
   "icons": [
    "NordicEcolabel"
   ],
   "hazardLabels": [],
   "imageUrl": "https://cdne-image-prod-samkaup.azureedge.net/images-pim/30055214/30055214.jpg",
   "offer": null,
   "bonus": null,
   "breadcrumbs": [
    {
     "name": "Vörur",
     "url": "/voerur/",
     "categoryId": null,
     "categoryImageUrl": "https://cdne-image-prod-samkaup.azureedge.net/images-cms/media/0btnugbh/fruits-and-vegetables-768x512.jpg",
     "level": 0
    },
    {
     "name": "Heimilisvörur",
     "url": "/voerur/heimilisvoerur/",
     "categoryId": "61aa173cdfbb03c07550ae16",
     "categoryImageUrl": "https://cdne-image-prod-samkaup.azureedge.net/images-cms/media/r02bbbqt/heimilisvoerur-1000-500-px.png",
     "level": 1
    },
    {
     "name": "Salernis- og eldhúspappír",
     "url": "/voerur/heimilisvoerur/salernis-og-eldhuspappir/",
     "categoryId": "61afa97fc665e1cda6403bd0",
     "categoryImageUrl": "https://cdne-image-prod-samkaup.azureedge.net/images-cms/media/3xjbmn30/salerins-og-eldhúspappír-1000-500-px.png",
     "level": 2
    },
    {
     "name": "Eldhúsrúllur",
     "url": "/voerur/heimilisvoerur/salernis-og-eldhuspappir/eldhusrullur/",
     "categoryId": "61afa9bcc665e1cda6403bd7",
     "categoryImageUrl": "https://cdne-image-prod-samkaup.azureedge.net/images-cms/media/bgbf4a3r/empty-top-100.png",
     "level": 3
    }
   ],
   "url": "/voerur/heimilisvoerur/salernis-og-eldhuspappir/eldhusrullur/eldhusrullur-p-30055214",
   "availableInStock": 72,
   "alwaysInStock": false
  },
  {
   "sku": "30056950",
   "displayName": "Ruslapokar m/höldum",
   "brand": "Plastprent",
   "weight": "",
   "country": "",
   "productTeaser": "30 stk.",
   "salesPrice": 719.0,
   "pricePerUnit": null,
   "unitOfMeasure": null,
   "icons": [],
   "hazardLabels": [],
   "imageUrl": "https://cdne-image-prod-samkaup.azureedge.net/images-pim/30056950/30056950.png",
   "offer": null,
   "bonus": null,
   "breadcrumbs": [
    {
     "name": "Vörur",
     "url": "/voerur/",
     "categoryId": null,
     "categoryImageUrl": "https://cdne-image-prod-samkaup.azureedge.net/images-cms/media/0btnugbh/fruits-and-vegetables-768x512.jpg",
     "level": 0
    },
    {
     "name": "Heimilisvörur",
     "url": "/voerur/heimilisvoerur/",
     "categoryId": "61aa173cdfbb03c07550ae16",
     "categoryImageUrl": "https://cdne-image-prod-samkaup.azureedge.net/images-cms/media/r02bbbqt/heimilisvoerur-1000-500-px.png",
     "level": 1
    },
    {
     "name": "Pokar",
     "url": "/voerur/heimilisvoerur/pokar/",
     "categoryId": "61afa986c665e1cda6403bd4",
     "categoryImageUrl": "https://cdne-image-prod-samkaup.azureedge.net/images-cms/media/hxehog5s/pokar-1000-500-px.png",
     "level": 2
    },
    {
     "name": "Ruslapokar",
     "url": "/voerur/heimilisvoerur/pokar/ruslapokar/",
     "categoryId": "624c1ed07878f380ce8459e2",
     "categoryImageUrl": "https://cdne-image-prod-samkaup.azureedge.net/images-cms/media/bgbf4a3r/empty-top-100.png",
     "level": 3
    }
   ],
   "url": "/voerur/heimilisvoerur/pokar/ruslapokar/ruslapokar-m-holdum-p-30056950",
   "availableInStock": 21,
   "alwaysInStock": false
  },
  {
   "sku": "30151591",
   "displayName": "Salernispappír",
   "brand": "Nettó",
   "weight": "",
   "country": "IS",
   "productTeaser": "12 stk.",
   "salesPrice": 849.0,
   "pricePerUnit": null,
   "unitOfMeasure": null,
   "icons": [],
   "hazardLabels": [],
   "imageUrl": "https://cdne-image-prod-samkaup.azureedge.net/images-pim/30151591/30151591.jpg",
   "offer": null,
   "bonus": null,
   "breadcrumbs": [
    {
     "name": "Vörur",
     "url": "/voerur/",
     "categoryId": null,
     "categoryImageUrl": "https://cdne-image-prod-samkaup.azureedge.net/images-cms/media/0btnugbh/fruits-and-vegetables-768x512.jpg",
     "level": 0
    },
    {
     "name": "Heimilisvörur",
     "url": "/voerur/heimilisvoerur/",
     "categoryId": "61aa173cdfbb03c07550ae16",
     "categoryImageUrl": "https://cdne-image-prod-samkaup.azureedge.net/images-cms/media/r02bbbqt/heimilisvoerur-1000-500-px.png",
     "level": 1
    },
    {
     "name": "Salernis- og eldhúspappír",
     "url": "/voerur/heimilisvoerur/salernis-og-eldhuspappir/",
     "categoryId": "61afa97fc665e1cda6403bd0",
     "categoryImageUrl": "https://cdne-image-prod-samkaup.azureedge.net/images-cms/media/3xjbmn30/salerins-og-eldhúspappír-1000-500-px.png",
     "level": 2
    },
    {
     "name": "Salernispappír",
     "url": "/voerur/heimilisvoerur/salernis-og-eldhuspappir/salernispappir/",
     "categoryId": "61afa9b8dfbb03c0755103a3",
     "categoryImageUrl": "https://cdne-image-prod-samkaup.azureedge.net/images-cms/media/bgbf4a3r/empty-top-100.png",
     "level": 3
    }
   ],
   "url": "/voerur/heimilisvoerur/salernis-og-eldhuspappir/salernispappir/salernispappir-p-30151591",
   "availableInStock": 90,
   "alwaysInStock": false
  },
  {
   "sku": "10036485",
   "displayName": "Eldhúsrúllur",
   "brand": "Xtra",
   "weight": "",
   "country": "LT",
   "productTeaser": "4 stk.",
   "salesPrice": 599.0,
   "pricePerUnit": null,
   "unitOfMeasure": null,
   "icons": [
    "NordicEcolabel"
   ],
   "hazardLabels": [],
   "imageUrl": "https://cdne-image-prod-samkaup.azureedge.net/images-pim/10036485/10036485.png",
   "offer": null,
   "bonus": null,
   "breadcrumbs": [
    {
     "name": "Vörur",
     "url": "/voerur/",
     "categoryId": null,
     "categoryImageUrl": "https://cdne-image-prod-samkaup.azureedge.net/images-cms/media/0btnugbh/fruits-and-vegetables-768x512.jpg",
     "level": 0
    },
    {
     "name": "Heimilisvörur",
     "url": "/voerur/heimilisvoerur/",
     "categoryId": "61aa173cdfbb03c07550ae16",
     "categoryImageUrl": "https://cdne-image-prod-samkaup.azureedge.net/images-cms/media/r02bbbqt/heimilisvoerur-1000-500-px.png",
     "level": 1
    },
    {
     "name": "Salernis- og eldhúspappír",
     "url": "/voerur/heimilisvoerur/salernis-og-eldhuspappir/",
     "categoryId": "61afa97fc665e1cda6403bd0",
     "categoryImageUrl": "https://cdne-image-prod-samkaup.azureedge.net/images-cms/media/3xjbmn30/salerins-og-eldhúspappír-1000-500-px.png",
     "level": 2
    },
    {
     "name": "Eldhúsrúllur",
     "url": "/voerur/heimilisvoerur/salernis-og-eldhuspappir/eldhusrullur/",
     "categoryId": "61afa9bcc665e1cda6403bd7",
     "categoryImageUrl": "https://cdne-image-prod-samkaup.azureedge.net/images-cms/media/bgbf4a3r/empty-top-100.png",
     "level": 3
    }
   ],
   "url": "/voerur/heimilisvoerur/salernis-og-eldhuspappir/eldhusrullur/eldhusrullur-p-10036485",
   "availableInStock": 139,
   "alwaysInStock": false
  },
  {
   "sku": "30172942",
   "displayName": "Ruslapokar með Reim",
   "brand": "Xtra",
   "weight": "",
   "country": "CN",
   "productTeaser": "20 ltr. 20 stk.",
   "salesPrice": 229.0,
   "pricePerUnit": null,
   "unitOfMeasure": null,
   "icons": [],
   "hazardLabels": [],
   "imageUrl": "https://cdne-image-prod-samkaup.azureedge.net/images-pim/30172942/30172942.png",
   "offer": null,
   "bonus": null,
   "breadcrumbs": [
    {
     "name": "Vörur",
     "url": "/voerur/",
     "categoryId": null,
     "categoryImageUrl": "https://cdne-image-prod-samkaup.azureedge.net/images-cms/media/0btnugbh/fruits-and-vegetables-768x512.jpg",
     "level": 0
    },
    {
     "name": "Heimilisvörur",
     "url": "/voerur/heimilisvoerur/",
     "categoryId": "61aa173cdfbb03c07550ae16",
     "categoryImageUrl": "https://cdne-image-prod-samkaup.azureedge.net/images-cms/media/r02bbbqt/heimilisvoerur-1000-500-px.png",
     "level": 1
    },
    {
     "name": "Pokar",
     "url": "/voerur/heimilisvoerur/pokar/",
     "categoryId": "61afa986c665e1cda6403bd4",
     "categoryImageUrl": "https://cdne-image-prod-samkaup.azureedge.net/images-cms/media/hxehog5s/pokar-1000-500-px.png",
     "level": 2
    },
    {
     "name": "Ruslapokar",
     "url": "/voerur/heimilisvoerur/pokar/ruslapokar/",
     "categoryId": "624c1ed07878f380ce8459e2",
     "categoryImageUrl": "https://cdne-image-prod-samkaup.azureedge.net/images-cms/media/bgbf4a3r/empty-top-100.png",
     "level": 3
    }
   ],
   "url": "/voerur/heimilisvoerur/pokar/ruslapokar/ruslapokar-med-reim-p-30172942",
   "availableInStock": 45,
   "alwaysInStock": false
  },
  {
   "sku": "10037182",
   "displayName": "Salernispappír Nice & Soft",
   "brand": "Coop",
   "weight": "679 gr.",
   "country": "SE",
   "productTeaser": "6 stk.",
   "salesPrice": 849.0,
   "pricePerUnit": 1250.0,
   "unitOfMeasure": "kg.",
   "icons": [],
   "hazardLabels": [],
   "imageUrl": "https://cdne-image-prod-samkaup.azureedge.net/images-pim/10037182/10037182.png",
   "offer": null,
   "bonus": null,
   "breadcrumbs": [
    {
     "name": "Vörur",
     "url": "/voerur/",
     "categoryId": null,
     "categoryImageUrl": "https://cdne-image-prod-samkaup.azureedge.net/images-cms/media/0btnugbh/fruits-and-vegetables-768x512.jpg",
     "level": 0
    },
    {
     "name": "Heimilisvörur",
     "url": "/voerur/heimilisvoerur/",
     "categoryId": "61aa173cdfbb03c07550ae16",
     "categoryImageUrl": "https://cdne-image-prod-samkaup.azureedge.net/images-cms/media/r02bbbqt/heimilisvoerur-1000-500-px.png",
     "level": 1
    },
    {
     "name": "Salernis- og eldhúspappír",
     "url": "/voerur/heimilisvoerur/salernis-og-eldhuspappir/",
     "categoryId": "61afa97fc665e1cda6403bd0",
     "categoryImageUrl": "https://cdne-image-prod-samkaup.azureedge.net/images-cms/media/3xjbmn30/salerins-og-eldhúspappír-1000-500-px.png",
     "level": 2
    },
    {
     "name": "Salernispappír",
     "url": "/voerur/heimilisvoerur/salernis-og-eldhuspappir/salernispappir/",
     "categoryId": "61afa9b8dfbb03c0755103a3",
     "categoryImageUrl": "https://cdne-image-prod-samkaup.azureedge.net/images-cms/media/bgbf4a3r/empty-top-100.png",
     "level": 3
    }
   ],
   "url": "/voerur/heimilisvoerur/salernis-og-eldhuspappir/salernispappir/salernispappir-nice-soft-p-10037182",
   "availableInStock": 514,
   "alwaysInStock": false
  },
  {
   "sku": "30055512",
   "displayName": "Eldhúsrúllur",
   "brand": "Talent",
   "weight": "300 gr.",
   "country": "GB",
   "productTeaser": "4 stk.",
   "salesPrice": 549.0,
   "pricePerUnit": 1830.0,
   "unitOfMeasure": "kg.",
   "icons": [],
   "hazardLabels": [],
   "imageUrl": "https://cdne-image-prod-samkaup.azureedge.net/images-pim/30055512/30055512.png",
   "offer": null,
   "bonus": null,
   "breadcrumbs": [
    {
     "name": "Vörur",
     "url": "/voerur/",
     "categoryId": null,
     "categoryImageUrl": "https://cdne-image-prod-samkaup.azureedge.net/images-cms/media/0btnugbh/fruits-and-vegetables-768x512.jpg",
     "level": 0
    },
    {
     "name": "Heimilisvörur",
     "url": "/voerur/heimilisvoerur/",
     "categoryId": "61aa173cdfbb03c07550ae16",
     "categoryImageUrl": "https://cdne-image-prod-samkaup.azureedge.net/images-cms/media/r02bbbqt/heimilisvoerur-1000-500-px.png",
     "level": 1
    },
    {
     "name": "Salernis- og eldhúspappír",
     "url": "/voerur/heimilisvoerur/salernis-og-eldhuspappir/",
     "categoryId": "61afa97fc665e1cda6403bd0",
     "categoryImageUrl": "https://cdne-image-prod-samkaup.azureedge.net/images-cms/media/3xjbmn30/salerins-og-eldhúspappír-1000-500-px.png",
     "level": 2
    },
    {
     "name": "Eldhúsrúllur",
     "url": "/voerur/heimilisvoerur/salernis-og-eldhuspappir/eldhusrullur/",
     "categoryId": "61afa9bcc665e1cda6403bd7",
     "categoryImageUrl": "https://cdne-image-prod-samkaup.azureedge.net/images-cms/media/bgbf4a3r/empty-top-100.png",
     "level": 3
    }
   ],
   "url": "/voerur/heimilisvoerur/salernis-og-eldhuspappir/eldhusrullur/eldhusrullur-p-30055512",
   "availableInStock": 16,
   "alwaysInStock": false
  },
  {
   "sku": "10032054",
   "displayName": "Salernispappír",
   "brand": "Xtra",
   "weight": "664 gr.",
   "country": "LT",
   "productTeaser": "8 stk.",
   "salesPrice": 599.0,
   "pricePerUnit": 902.0,
   "unitOfMeasure": "kg.",
   "icons": [],
   "hazardLabels": [],
   "imageUrl": "https://cdne-image-prod-samkaup.azureedge.net/images-pim/10032054/10032054.png",
   "offer": null,
   "bonus": null,
   "breadcrumbs": [
    {
     "name": "Vörur",
     "url": "/voerur/",
     "categoryId": null,
     "categoryImageUrl": "https://cdne-image-prod-samkaup.azureedge.net/images-cms/media/0btnugbh/fruits-and-vegetables-768x512.jpg",
     "level": 0
    },
    {
     "name": "Heimilisvörur",
     "url": "/voerur/heimilisvoerur/",
     "categoryId": "61aa173cdfbb03c07550ae16",
     "categoryImageUrl": "https://cdne-image-prod-samkaup.azureedge.net/images-cms/media/r02bbbqt/heimilisvoerur-1000-500-px.png",
     "level": 1
    },
    {
     "name": "Salernis- og eldhúspappír",
     "url": "/voerur/heimilisvoerur/salernis-og-eldhuspappir/",
     "categoryId": "61afa97fc665e1cda6403bd0",
     "categoryImageUrl": "https://cdne-image-prod-samkaup.azureedge.net/images-cms/media/3xjbmn30/salerins-og-eldhúspappír-1000-500-px.png",
     "level": 2
    },
    {
     "name": "Salernispappír",
     "url": "/voerur/heimilisvoerur/salernis-og-eldhuspappir/salernispappir/",
     "categoryId": "61afa9b8dfbb03c0755103a3",
     "categoryImageUrl": "https://cdne-image-prod-samkaup.azureedge.net/images-cms/media/bgbf4a3r/empty-top-100.png",
     "level": 3
    }
   ],
   "url": "/voerur/heimilisvoerur/salernis-og-eldhuspappir/salernispappir/salernispappir-p-10032054",
   "availableInStock": 31,
   "alwaysInStock": false
  },
  {
   "sku": "30141441",
   "displayName": "Þvottaefni",
   "brand": "Neutral",
   "weight": "1200 gr.",
   "country": "DK",
   "productTeaser": "15 Þvottar",
   "salesPrice": 621.0,
   "pricePerUnit": 518.0,
   "unitOfMeasure": "kg.",
   "icons": [],
   "hazardLabels": [],
   "imageUrl": "https://cdne-image-prod-samkaup.azureedge.net/images-pim/30141441/30141441.png",
   "offer": null,
   "bonus": null,
   "breadcrumbs": [
    {
     "name": "Vörur",
     "url": "/voerur/",
     "categoryId": null,
     "categoryImageUrl": "https://cdne-image-prod-samkaup.azureedge.net/images-cms/media/0btnugbh/fruits-and-vegetables-768x512.jpg",
     "level": 0
    },
    {
     "name": "Heimilisvörur",
     "url": "/voerur/heimilisvoerur/",
     "categoryId": "61aa173cdfbb03c07550ae16",
     "categoryImageUrl": "https://cdne-image-prod-samkaup.azureedge.net/images-cms/media/r02bbbqt/heimilisvoerur-1000-500-px.png",
     "level": 1
    },
    {
     "name": "Hreinlætisvörur",
     "url": "/voerur/heimilisvoerur/hreinlaetisvoerur/",
     "categoryId": "61afa983bffe2443147fb138",
     "categoryImageUrl": "https://cdne-image-prod-samkaup.azureedge.net/images-cms/media/e1nfe2ng/hreinlaetisvoerur-1000-500-px.png",
     "level": 2
    },
    {
     "name": "Fyrir þvottavélina og þurrkarann",
     "url": "/voerur/heimilisvoerur/hreinlaetisvoerur/fyrir-thvottavelina-og-thurrkarann/",
     "categoryId": "61afa9c0dfbb03c0755103a4",
     "categoryImageUrl": "https://cdne-image-prod-samkaup.azureedge.net/images-cms/media/bgbf4a3r/empty-top-100.png",
     "level": 3
    }
   ],
   "url": "/voerur/heimilisvoerur/hreinlaetisvoerur/fyrir-thvottavelina-og-thurrkarann/thvottaefni-p-30141441",
   "availableInStock": 28,
   "alwaysInStock": false
  },
  {
   "sku": "30033971",
   "displayName": "Uppþvottavéla Töflur",
   "brand": "Anglamark",
   "weight": "420 gr.",
   "country": "IT",
   "productTeaser": "30 stk.",
   "salesPrice": 899.0,
   "pricePerUnit": 2140.0,
   "unitOfMeasure": "kg.",
   "icons": [
    "NordicEcolabel"
   ],
   "hazardLabels": [],
   "imageUrl": "https://cdne-image-prod-samkaup.azureedge.net/images-pim/30033971/30033971.png",
   "offer": null,
   "bonus": null,
   "breadcrumbs": [
    {
     "name": "Vörur",
     "url": "/voerur/",
     "categoryId": null,
     "categoryImageUrl": "https://cdne-image-prod-samkaup.azureedge.net/images-cms/media/0btnugbh/fruits-and-vegetables-768x512.jpg",
     "level": 0
    },
    {
     "name": "Heimilisvörur",
     "url": "/voerur/heimilisvoerur/",
     "categoryId": "61aa173cdfbb03c07550ae16",
     "categoryImageUrl": "https://cdne-image-prod-samkaup.azureedge.net/images-cms/media/r02bbbqt/heimilisvoerur-1000-500-px.png",
     "level": 1
    },
    {
     "name": "Hreinlætisvörur",
     "url": "/voerur/heimilisvoerur/hreinlaetisvoerur/",
     "categoryId": "61afa983bffe2443147fb138",
     "categoryImageUrl": "https://cdne-image-prod-samkaup.azureedge.net/images-cms/media/e1nfe2ng/hreinlaetisvoerur-1000-500-px.png",
     "level": 2
    },
    {
     "name": "Fyrir uppþvottavélina",
     "url": "/voerur/heimilisvoerur/hreinlaetisvoerur/fyrir-uppthvottavelina/",
     "categoryId": "61afa9c4dfbb03c0755103a5",
     "categoryImageUrl": "https://cdne-image-prod-samkaup.azureedge.net/images-cms/media/bgbf4a3r/empty-top-100.png",
     "level": 3
    }
   ],
   "url": "/voerur/heimilisvoerur/hreinlaetisvoerur/fyrir-uppthvottavelina/uppthvottavela-toflur-p-30033971",
   "availableInStock": 23,
   "alwaysInStock": false
  },
  {
   "sku": "30197234",
   "displayName": "Nestispokar 22 x 35cm.",
   "brand": "Heimilislína",
   "weight": "150 gr.",
   "country": "",
   "productTeaser": "30 stk.",
   "salesPrice": 209.0,
   "pricePerUnit": 1393.0,
   "unitOfMeasure": "kg.",
   "icons": [],
   "hazardLabels": [],
   "imageUrl": "https://cdne-image-prod-samkaup.azureedge.net/images-pim/30197234/30197234.jpg",
   "offer": null,
   "bonus": null,
   "breadcrumbs": [
    {
     "name": "Vörur",
     "url": "/voerur/",
     "categoryId": null,
     "categoryImageUrl": "https://cdne-image-prod-samkaup.azureedge.net/images-cms/media/0btnugbh/fruits-and-vegetables-768x512.jpg",
     "level": 0
    },
    {
     "name": "Heimilisvörur",
     "url": "/voerur/heimilisvoerur/",
     "categoryId": "61aa173cdfbb03c07550ae16",
     "categoryImageUrl": "https://cdne-image-prod-samkaup.azureedge.net/images-cms/media/r02bbbqt/heimilisvoerur-1000-500-px.png",
     "level": 1
    },
    {
     "name": "Pokar",
     "url": "/voerur/heimilisvoerur/pokar/",
     "categoryId": "61afa986c665e1cda6403bd4",
     "categoryImageUrl": "https://cdne-image-prod-samkaup.azureedge.net/images-cms/media/hxehog5s/pokar-1000-500-px.png",
     "level": 2
    },
    {
     "name": "Nestipokar",
     "url": "/voerur/heimilisvoerur/pokar/nestipokar/",
     "categoryId": "624c1ee2d70c9cb51042ca3c",
     "categoryImageUrl": "https://cdne-image-prod-samkaup.azureedge.net/images-cms/media/bgbf4a3r/empty-top-100.png",
     "level": 3
    }
   ],
   "url": "/voerur/heimilisvoerur/pokar/nestipokar/nestispokar-22-x-35cm-p-30197234",
   "availableInStock": 14,
   "alwaysInStock": false
  },
  {
   "sku": "30017392",
   "displayName": "Eldhúsrúllur",
   "brand": "Anglamark",
   "weight": "500 gr.",
   "country": "SE",
   "productTeaser": "4 stk.",
   "salesPrice": 1299.0,
   "pricePerUnit": 2598.0,
   "unitOfMeasure": "kg.",
   "icons": [
    "NordicEcolabel"
   ],
   "hazardLabels": [],
   "imageUrl": "https://cdne-image-prod-samkaup.azureedge.net/images-pim/30017392/30017392.png",
   "offer": null,
   "bonus": null,
   "breadcrumbs": [
    {
     "name": "Vörur",
     "url": "/voerur/",
     "categoryId": null,
     "categoryImageUrl": "https://cdne-image-prod-samkaup.azureedge.net/images-cms/media/0btnugbh/fruits-and-vegetables-768x512.jpg",
     "level": 0
    },
    {
     "name": "Heimilisvörur",
     "url": "/voerur/heimilisvoerur/",
     "categoryId": "61aa173cdfbb03c07550ae16",
     "categoryImageUrl": "https://cdne-image-prod-samkaup.azureedge.net/images-cms/media/r02bbbqt/heimilisvoerur-1000-500-px.png",
     "level": 1
    },
    {
     "name": "Salernis- og eldhúspappír",
     "url": "/voerur/heimilisvoerur/salernis-og-eldhuspappir/",
     "categoryId": "61afa97fc665e1cda6403bd0",
     "categoryImageUrl": "https://cdne-image-prod-samkaup.azureedge.net/images-cms/media/3xjbmn30/salerins-og-eldhúspappír-1000-500-px.png",
     "level": 2
    },
    {
     "name": "Eldhúsrúllur",
     "url": "/voerur/heimilisvoerur/salernis-og-eldhuspappir/eldhusrullur/",
     "categoryId": "61afa9bcc665e1cda6403bd7",
     "categoryImageUrl": "https://cdne-image-prod-samkaup.azureedge.net/images-cms/media/bgbf4a3r/empty-top-100.png",
     "level": 3
    }
   ],
   "url": "/voerur/heimilisvoerur/salernis-og-eldhuspappir/eldhusrullur/eldhusrullur-p-30017392",
   "availableInStock": 42,
   "alwaysInStock": false
  },
  {
   "sku": "30101670",
   "displayName": "Uppþvottalögur",
   "brand": "Easy",
   "weight": "500 ml.",
   "country": "GB",
   "productTeaser": "",
   "salesPrice": 219.0,
   "pricePerUnit": 438.0,
   "unitOfMeasure": "ltr.",
   "icons": [],
   "hazardLabels": [],
   "imageUrl": "https://cdne-image-prod-samkaup.azureedge.net/images-pim/30101670/30101670.jpg",
   "offer": null,
   "bonus": null,
   "breadcrumbs": [
    {
     "name": "Vörur",
     "url": "/voerur/",
     "categoryId": null,
     "categoryImageUrl": "https://cdne-image-prod-samkaup.azureedge.net/images-cms/media/0btnugbh/fruits-and-vegetables-768x512.jpg",
     "level": 0
    },
    {
     "name": "Heimilisvörur",
     "url": "/voerur/heimilisvoerur/",
     "categoryId": "61aa173cdfbb03c07550ae16",
     "categoryImageUrl": "https://cdne-image-prod-samkaup.azureedge.net/images-cms/media/r02bbbqt/heimilisvoerur-1000-500-px.png",
     "level": 1
    },
    {
     "name": "Hreinlætisvörur",
     "url": "/voerur/heimilisvoerur/hreinlaetisvoerur/",
     "categoryId": "61afa983bffe2443147fb138",
     "categoryImageUrl": "https://cdne-image-prod-samkaup.azureedge.net/images-cms/media/e1nfe2ng/hreinlaetisvoerur-1000-500-px.png",
     "level": 2
    },
    {
     "name": "Sápur",
     "url": "/voerur/heimilisvoerur/hreinlaetisvoerur/sapur/",
     "categoryId": "61afa9efdfbb03c0755103a6",
     "categoryImageUrl": "https://cdne-image-prod-samkaup.azureedge.net/images-cms/media/bgbf4a3r/empty-top-100.png",
     "level": 3
    }
   ],
   "url": "/voerur/heimilisvoerur/hreinlaetisvoerur/sapur/uppthvottalogur-p-30101670",
   "availableInStock": 9,
   "alwaysInStock": false
  },
  {
   "sku": "10025525",
   "displayName": "WC Hreinsir",
   "brand": "Harpic",
   "weight": "750 ml.",
   "country": "",
   "productTeaser": "",
   "salesPrice": 437.0,
   "pricePerUnit": 583.0,
   "unitOfMeasure": "ltr.",
   "icons": [],
   "hazardLabels": [],
   "imageUrl": "https://cdne-image-prod-samkaup.azureedge.net/images-pim/10025525/10025525.jpg",
   "offer": null,
   "bonus": null,
   "breadcrumbs": [
    {
     "name": "Vörur",
     "url": "/voerur/",
     "categoryId": null,
     "categoryImageUrl": "https://cdne-image-prod-samkaup.azureedge.net/images-cms/media/0btnugbh/fruits-and-vegetables-768x512.jpg",
     "level": 0
    },
    {
     "name": "Heimilisvörur",
     "url": "/voerur/heimilisvoerur/",
     "categoryId": "61aa173cdfbb03c07550ae16",
     "categoryImageUrl": "https://cdne-image-prod-samkaup.azureedge.net/images-cms/media/r02bbbqt/heimilisvoerur-1000-500-px.png",
     "level": 1
    },
    {
     "name": "Hreinlætisvörur",
     "url": "/voerur/heimilisvoerur/hreinlaetisvoerur/",
     "categoryId": "61afa983bffe2443147fb138",
     "categoryImageUrl": "https://cdne-image-prod-samkaup.azureedge.net/images-cms/media/e1nfe2ng/hreinlaetisvoerur-1000-500-px.png",
     "level": 2
    },
    {
     "name": "Fyrir baðherbergið",
     "url": "/voerur/heimilisvoerur/hreinlaetisvoerur/fyrir-badherbergid/",
     "categoryId": "61afa9d858952c9651e55a02",
     "categoryImageUrl": "https://cdne-image-prod-samkaup.azureedge.net/images-cms/media/bgbf4a3r/empty-top-100.png",
     "level": 3
    }
   ],
   "url": "/voerur/heimilisvoerur/hreinlaetisvoerur/fyrir-badherbergid/wc-hreinsir-p-10025525",
   "availableInStock": 29,
   "alwaysInStock": false
  },
  {
   "sku": "30149215",
   "displayName": "Heimilisklútar með Sítrónu",
   "brand": "Þrif",
   "weight": "",
   "country": "",
   "productTeaser": "40 stk.",
   "salesPrice": 269.0,
   "pricePerUnit": null,
   "unitOfMeasure": null,
   "icons": [],
   "hazardLabels": [],
   "imageUrl": "https://cdne-image-prod-samkaup.azureedge.net/images-pim/30149215/30149215.png",
   "offer": null,
   "bonus": null,
   "breadcrumbs": [
    {
     "name": "Vörur",
     "url": "/voerur/",
     "categoryId": null,
     "categoryImageUrl": "https://cdne-image-prod-samkaup.azureedge.net/images-cms/media/0btnugbh/fruits-and-vegetables-768x512.jpg",
     "level": 0
    },
    {
     "name": "Heimilisvörur",
     "url": "/voerur/heimilisvoerur/",
     "categoryId": "61aa173cdfbb03c07550ae16",
     "categoryImageUrl": "https://cdne-image-prod-samkaup.azureedge.net/images-cms/media/r02bbbqt/heimilisvoerur-1000-500-px.png",
     "level": 1
    },
    {
     "name": "Hreinlætisvörur",
     "url": "/voerur/heimilisvoerur/hreinlaetisvoerur/",
     "categoryId": "61afa983bffe2443147fb138",
     "categoryImageUrl": "https://cdne-image-prod-samkaup.azureedge.net/images-cms/media/e1nfe2ng/hreinlaetisvoerur-1000-500-px.png",
     "level": 2
    },
    {
     "name": "Hreinsiklútar",
     "url": "/voerur/heimilisvoerur/hreinlaetisvoerur/hreinsiklutar/",
     "categoryId": "61afa9fddfbb03c0755103a7",
     "categoryImageUrl": "https://cdne-image-prod-samkaup.azureedge.net/images-cms/media/bgbf4a3r/empty-top-100.png",
     "level": 3
    }
   ],
   "url": "/voerur/heimilisvoerur/hreinlaetisvoerur/hreinsiklutar/heimilisklutar-med-sitronu-p-30149215",
   "availableInStock": 9,
   "alwaysInStock": false
  },
  {
   "sku": "10046118",
   "displayName": "Þvottaefni Color Fljótandi",
   "brand": "Neutral",
   "weight": "1070 ml.",
   "country": "DK",
   "productTeaser": "18 Þvottar",
   "salesPrice": 1319.0,
   "pricePerUnit": 1233.0,
   "unitOfMeasure": "ltr.",
   "icons": [
    "NordicEcolabel"
   ],
   "hazardLabels": [],
   "imageUrl": "https://cdne-image-prod-samkaup.azureedge.net/images-pim/10046118/10046118.png",
   "offer": null,
   "bonus": null,
   "breadcrumbs": [
    {
     "name": "Vörur",
     "url": "/voerur/",
     "categoryId": null,
     "categoryImageUrl": "https://cdne-image-prod-samkaup.azureedge.net/images-cms/media/0btnugbh/fruits-and-vegetables-768x512.jpg",
     "level": 0
    },
    {
     "name": "Heimilisvörur",
     "url": "/voerur/heimilisvoerur/",
     "categoryId": "61aa173cdfbb03c07550ae16",
     "categoryImageUrl": "https://cdne-image-prod-samkaup.azureedge.net/images-cms/media/r02bbbqt/heimilisvoerur-1000-500-px.png",
     "level": 1
    },
    {
     "name": "Hreinlætisvörur",
     "url": "/voerur/heimilisvoerur/hreinlaetisvoerur/",
     "categoryId": "61afa983bffe2443147fb138",
     "categoryImageUrl": "https://cdne-image-prod-samkaup.azureedge.net/images-cms/media/e1nfe2ng/hreinlaetisvoerur-1000-500-px.png",
     "level": 2
    },
    {
     "name": "Fyrir þvottavélina og þurrkarann",
     "url": "/voerur/heimilisvoerur/hreinlaetisvoerur/fyrir-thvottavelina-og-thurrkarann/",
     "categoryId": "61afa9c0dfbb03c0755103a4",
     "categoryImageUrl": "https://cdne-image-prod-samkaup.azureedge.net/images-cms/media/bgbf4a3r/empty-top-100.png",
     "level": 3
    }
   ],
   "url": "/voerur/heimilisvoerur/hreinlaetisvoerur/fyrir-thvottavelina-og-thurrkarann/thvottaefni-color-fljotandi-p-10046118",
   "availableInStock": 15,
   "alwaysInStock": false
  },
  {
   "sku": "30121033",
   "displayName": "Teljós",
   "brand": "Coop",
   "weight": "",
   "country": "LA",
   "productTeaser": "30 stk.",
   "salesPrice": 659.0,
   "pricePerUnit": null,
   "unitOfMeasure": null,
   "icons": [],
   "hazardLabels": [],
   "imageUrl": "https://cdne-image-prod-samkaup.azureedge.net/images-pim/30121033/30121033.png",
   "offer": null,
   "bonus": null,
   "breadcrumbs": [
    {
     "name": "Vörur",
     "url": "/voerur/",
     "categoryId": null,
     "categoryImageUrl": "https://cdne-image-prod-samkaup.azureedge.net/images-cms/media/0btnugbh/fruits-and-vegetables-768x512.jpg",
     "level": 0
    },
    {
     "name": "Heimilisvörur",
     "url": "/voerur/heimilisvoerur/",
     "categoryId": "61aa173cdfbb03c07550ae16",
     "categoryImageUrl": "https://cdne-image-prod-samkaup.azureedge.net/images-cms/media/r02bbbqt/heimilisvoerur-1000-500-px.png",
     "level": 1
    },
    {
     "name": "Lýsing",
     "url": "/voerur/heimilisvoerur/lysing/",
     "categoryId": "61afa99258952c9651e559fe",
     "categoryImageUrl": "https://cdne-image-prod-samkaup.azureedge.net/images-cms/media/1r0jrfx2/lýsing-1000-500-px.png",
     "level": 2
    },
    {
     "name": "Kerti",
     "url": "/voerur/heimilisvoerur/lysing/kerti/",
     "categoryId": "6288040a920867a2f22b040b",
     "categoryImageUrl": "https://cdne-image-prod-samkaup.azureedge.net/images-cms/media/bgbf4a3r/empty-top-100.png",
     "level": 3
    }
   ],
   "url": "/voerur/heimilisvoerur/lysing/kerti/teljos-p-30121033",
   "availableInStock": 5,
   "alwaysInStock": false
  },
  {
   "sku": "30138278",
   "displayName": "Þvottaefni Sensitive Fljótandi",
   "brand": "Ariel",
   "weight": "1705 ml.",
   "country": "NL",
   "productTeaser": "31 Þvottur",
   "salesPrice": 1719.0,
   "pricePerUnit": 1008.0,
   "unitOfMeasure": "ltr.",
   "icons": [],
   "hazardLabels": [],
   "imageUrl": "https://cdne-image-prod-samkaup.azureedge.net/images-pim/30138278/30138278.png",
   "offer": null,
   "bonus": null,
   "breadcrumbs": [
    {
     "name": "Vörur",
     "url": "/voerur/",
     "categoryId": null,
     "categoryImageUrl": "https://cdne-image-prod-samkaup.azureedge.net/images-cms/media/0btnugbh/fruits-and-vegetables-768x512.jpg",
     "level": 0
    },
    {
     "name": "Heimilisvörur",
     "url": "/voerur/heimilisvoerur/",
     "categoryId": "61aa173cdfbb03c07550ae16",
     "categoryImageUrl": "https://cdne-image-prod-samkaup.azureedge.net/images-cms/media/r02bbbqt/heimilisvoerur-1000-500-px.png",
     "level": 1
    },
    {
     "name": "Hreinlætisvörur",
     "url": "/voerur/heimilisvoerur/hreinlaetisvoerur/",
     "categoryId": "61afa983bffe2443147fb138",
     "categoryImageUrl": "https://cdne-image-prod-samkaup.azureedge.net/images-cms/media/e1nfe2ng/hreinlaetisvoerur-1000-500-px.png",
     "level": 2
    },
    {
     "name": "Fyrir þvottavélina og þurrkarann",
     "url": "/voerur/heimilisvoerur/hreinlaetisvoerur/fyrir-thvottavelina-og-thurrkarann/",
     "categoryId": "61afa9c0dfbb03c0755103a4",
     "categoryImageUrl": "https://cdne-image-prod-samkaup.azureedge.net/images-cms/media/bgbf4a3r/empty-top-100.png",
     "level": 3
    }
   ],
   "url": "/voerur/heimilisvoerur/hreinlaetisvoerur/fyrir-thvottavelina-og-thurrkarann/thvottaefni-sensitive-fljotandi-p-30138278",
   "availableInStock": 5,
   "alwaysInStock": false
  },
  {
   "sku": "10071964",
   "displayName": "Pottasvampar",
   "brand": "Takk",
   "weight": "",
   "country": "",
   "productTeaser": "10 stk.",
   "salesPrice": 229.0,
   "pricePerUnit": null,
   "unitOfMeasure": null,
   "icons": [],
   "hazardLabels": [],
   "imageUrl": "https://cdne-image-prod-samkaup.azureedge.net/images-pim/10071964/10071964.jpeg",
   "offer": null,
   "bonus": null,
   "breadcrumbs": [
    {
     "name": "Vörur",
     "url": "/voerur/",
     "categoryId": null,
     "categoryImageUrl": "https://cdne-image-prod-samkaup.azureedge.net/images-cms/media/0btnugbh/fruits-and-vegetables-768x512.jpg",
     "level": 0
    },
    {
     "name": "Heimilisvörur",
     "url": "/voerur/heimilisvoerur/",
     "categoryId": "61aa173cdfbb03c07550ae16",
     "categoryImageUrl": "https://cdne-image-prod-samkaup.azureedge.net/images-cms/media/r02bbbqt/heimilisvoerur-1000-500-px.png",
     "level": 1
    },
    {
     "name": "Hreinlætisáhöld",
     "url": "/voerur/heimilisvoerur/hreinlaetisahoeld/",
     "categoryId": "61afa989dfbb03c07551039b",
     "categoryImageUrl": "https://cdne-image-prod-samkaup.azureedge.net/images-cms/media/tfqfbcht/hreinlaetisáhoeld-1000-500-px.png",
     "level": 2
    },
    {
     "name": "Svampar",
     "url": "/voerur/heimilisvoerur/hreinlaetisahoeld/svampar/",
     "categoryId": "624c21d37878f380ce845a1e",
     "categoryImageUrl": "https://cdne-image-prod-samkaup.azureedge.net/images-cms/media/bgbf4a3r/empty-top-100.png",
     "level": 3
    }
   ],
   "url": "/voerur/heimilisvoerur/hreinlaetisahoeld/svampar/pottasvampar-p-10071964",
   "availableInStock": 0,
   "alwaysInStock": true
  },
  {
   "sku": "30170945",
   "displayName": "Ruslapokar",
   "brand": "Íslenska Gámafélagið",
   "weight": "45 gr.",
   "country": "",
   "productTeaser": "10 stk.",
   "salesPrice": 289.0,
   "pricePerUnit": 6422.0,
   "unitOfMeasure": "kg.",
   "icons": [],
   "hazardLabels": [],
   "imageUrl": "https://cdne-image-prod-samkaup.azureedge.net/images-pim/30170945/30170945.png",
   "offer": null,
   "bonus": null,
   "breadcrumbs": [
    {
     "name": "Vörur",
     "url": "/voerur/",
     "categoryId": null,
     "categoryImageUrl": "https://cdne-image-prod-samkaup.azureedge.net/images-cms/media/0btnugbh/fruits-and-vegetables-768x512.jpg",
     "level": 0
    },
    {
     "name": "Heimilisvörur",
     "url": "/voerur/heimilisvoerur/",
     "categoryId": "61aa173cdfbb03c07550ae16",
     "categoryImageUrl": "https://cdne-image-prod-samkaup.azureedge.net/images-cms/media/r02bbbqt/heimilisvoerur-1000-500-px.png",
     "level": 1
    },
    {
     "name": "Pokar",
     "url": "/voerur/heimilisvoerur/pokar/",
     "categoryId": "61afa986c665e1cda6403bd4",
     "categoryImageUrl": "https://cdne-image-prod-samkaup.azureedge.net/images-cms/media/hxehog5s/pokar-1000-500-px.png",
     "level": 2
    },
    {
     "name": "Ruslapokar",
     "url": "/voerur/heimilisvoerur/pokar/ruslapokar/",
     "categoryId": "624c1ed07878f380ce8459e2",
     "categoryImageUrl": "https://cdne-image-prod-samkaup.azureedge.net/images-cms/media/bgbf4a3r/empty-top-100.png",
     "level": 3
    }
   ],
   "url": "/voerur/heimilisvoerur/pokar/ruslapokar/ruslapokar-p-30170945",
   "availableInStock": 95,
   "alwaysInStock": false
  },
  {
   "sku": "30081962",
   "displayName": "Uppþvottabursti Blár",
   "brand": "Takk",
   "weight": "",
   "country": "",
   "productTeaser": "",
   "salesPrice": 519.0,
   "pricePerUnit": null,
   "unitOfMeasure": null,
   "icons": [],
   "hazardLabels": [],
   "imageUrl": "https://cdne-image-prod-samkaup.azureedge.net/images-pim/30081962/30081962.jpeg",
   "offer": null,
   "bonus": null,
   "breadcrumbs": [
    {
     "name": "Vörur",
     "url": "/voerur/",
     "categoryId": null,
     "categoryImageUrl": "https://cdne-image-prod-samkaup.azureedge.net/images-cms/media/0btnugbh/fruits-and-vegetables-768x512.jpg",
     "level": 0
    },
    {
     "name": "Heimilisvörur",
     "url": "/voerur/heimilisvoerur/",
     "categoryId": "61aa173cdfbb03c07550ae16",
     "categoryImageUrl": "https://cdne-image-prod-samkaup.azureedge.net/images-cms/media/r02bbbqt/heimilisvoerur-1000-500-px.png",
     "level": 1
    },
    {
     "name": "Hreinlætisáhöld",
     "url": "/voerur/heimilisvoerur/hreinlaetisahoeld/",
     "categoryId": "61afa989dfbb03c07551039b",
     "categoryImageUrl": "https://cdne-image-prod-samkaup.azureedge.net/images-cms/media/tfqfbcht/hreinlaetisáhoeld-1000-500-px.png",
     "level": 2
    },
    {
     "name": "Uppþvottaburstar",
     "url": "/voerur/heimilisvoerur/hreinlaetisahoeld/uppthvottaburstar/",
     "categoryId": "624c21cfae8a756a4482eb7f",
     "categoryImageUrl": "https://cdne-image-prod-samkaup.azureedge.net/images-cms/media/bgbf4a3r/empty-top-100.png",
     "level": 3
    }
   ],
   "url": "/voerur/heimilisvoerur/hreinlaetisahoeld/uppthvottaburstar/uppthvottabursti-blar-p-30081962",
   "availableInStock": 0,
   "alwaysInStock": true
  },
  {
   "sku": "10036487",
   "displayName": "Vasaklútar",
   "brand": "Xtra",
   "weight": "",
   "country": "DE",
   "productTeaser": "10 stk.",
   "salesPrice": 299.0,
   "pricePerUnit": null,
   "unitOfMeasure": null,
   "icons": [],
   "hazardLabels": [],
   "imageUrl": "https://cdne-image-prod-samkaup.azureedge.net/images-pim/10036487/10036487.png",
   "offer": null,
   "bonus": null,
   "breadcrumbs": [
    {
     "name": "Vörur",
     "url": "/voerur/",
     "categoryId": null,
     "categoryImageUrl": "https://cdne-image-prod-samkaup.azureedge.net/images-cms/media/0btnugbh/fruits-and-vegetables-768x512.jpg",
     "level": 0
    },
    {
     "name": "Heimilisvörur",
     "url": "/voerur/heimilisvoerur/",
     "categoryId": "61aa173cdfbb03c07550ae16",
     "categoryImageUrl": "https://cdne-image-prod-samkaup.azureedge.net/images-cms/media/r02bbbqt/heimilisvoerur-1000-500-px.png",
     "level": 1
    },
    {
     "name": "Salernis- og eldhúspappír",
     "url": "/voerur/heimilisvoerur/salernis-og-eldhuspappir/",
     "categoryId": "61afa97fc665e1cda6403bd0",
     "categoryImageUrl": "https://cdne-image-prod-samkaup.azureedge.net/images-cms/media/3xjbmn30/salerins-og-eldhúspappír-1000-500-px.png",
     "level": 2
    },
    {
     "name": "Vasaklútar",
     "url": "/voerur/heimilisvoerur/salernis-og-eldhuspappir/vasaklutar/",
     "categoryId": "62768b9b2c86e3d5ecb18bc0",
     "categoryImageUrl": "https://cdne-image-prod-samkaup.azureedge.net/images-cms/media/bgbf4a3r/empty-top-100.png",
     "level": 3
    }
   ],
   "url": "/voerur/heimilisvoerur/salernis-og-eldhuspappir/vasaklutar/vasaklutar-p-10036487",
   "availableInStock": 21,
   "alwaysInStock": false
  },
  {
   "sku": "30033976",
   "displayName": "Uppþvottalögur",
   "brand": "Anglamark",
   "weight": "500 ml.",
   "country": "BE",
   "productTeaser": "",
   "salesPrice": 349.0,
   "pricePerUnit": 698.0,
   "unitOfMeasure": "ltr.",
   "icons": [
    "NordicEcolabel"
   ],
   "hazardLabels": [],
   "imageUrl": "https://cdne-image-prod-samkaup.azureedge.net/images-pim/30033976/30033976_1.png",
   "offer": null,
   "bonus": null,
   "breadcrumbs": [
    {
     "name": "Vörur",
     "url": "/voerur/",
     "categoryId": null,
     "categoryImageUrl": "https://cdne-image-prod-samkaup.azureedge.net/images-cms/media/0btnugbh/fruits-and-vegetables-768x512.jpg",
     "level": 0
    },
    {
     "name": "Heimilisvörur",
     "url": "/voerur/heimilisvoerur/",
     "categoryId": "61aa173cdfbb03c07550ae16",
     "categoryImageUrl": "https://cdne-image-prod-samkaup.azureedge.net/images-cms/media/r02bbbqt/heimilisvoerur-1000-500-px.png",
     "level": 1
    },
    {
     "name": "Hreinlætisvörur",
     "url": "/voerur/heimilisvoerur/hreinlaetisvoerur/",
     "categoryId": "61afa983bffe2443147fb138",
     "categoryImageUrl": "https://cdne-image-prod-samkaup.azureedge.net/images-cms/media/e1nfe2ng/hreinlaetisvoerur-1000-500-px.png",
     "level": 2
    },
    {
     "name": "Fyrir eldhúsið",
     "url": "/voerur/heimilisvoerur/hreinlaetisvoerur/fyrir-eldhusid/",
     "categoryId": "61afa9d5c665e1cda6403bdb",
     "categoryImageUrl": "https://cdne-image-prod-samkaup.azureedge.net/images-cms/media/bgbf4a3r/empty-top-100.png",
     "level": 3
    }
   ],
   "url": "/voerur/heimilisvoerur/hreinlaetisvoerur/fyrir-eldhusid/uppthvottalogur-p-30033976",
   "availableInStock": 26,
   "alwaysInStock": false
  },
  {
   "sku": "30137050",
   "displayName": "Uppþvottalögur",
   "brand": "Easy",
   "weight": "500 ml.",
   "country": "GB",
   "productTeaser": "",
   "salesPrice": 219.0,
   "pricePerUnit": 438.0,
   "unitOfMeasure": "ltr.",
   "icons": [],
   "hazardLabels": [],
   "imageUrl": "https://cdne-image-prod-samkaup.azureedge.net/images-pim/30137050/30137050_1.jpg",
   "offer": null,
   "bonus": null,
   "breadcrumbs": [
    {
     "name": "Vörur",
     "url": "/voerur/",
     "categoryId": null,
     "categoryImageUrl": "https://cdne-image-prod-samkaup.azureedge.net/images-cms/media/0btnugbh/fruits-and-vegetables-768x512.jpg",
     "level": 0
    },
    {
     "name": "Heimilisvörur",
     "url": "/voerur/heimilisvoerur/",
     "categoryId": "61aa173cdfbb03c07550ae16",
     "categoryImageUrl": "https://cdne-image-prod-samkaup.azureedge.net/images-cms/media/r02bbbqt/heimilisvoerur-1000-500-px.png",
     "level": 1
    },
    {
     "name": "Hreinlætisvörur",
     "url": "/voerur/heimilisvoerur/hreinlaetisvoerur/",
     "categoryId": "61afa983bffe2443147fb138",
     "categoryImageUrl": "https://cdne-image-prod-samkaup.azureedge.net/images-cms/media/e1nfe2ng/hreinlaetisvoerur-1000-500-px.png",
     "level": 2
    },
    {
     "name": "Sápur",
     "url": "/voerur/heimilisvoerur/hreinlaetisvoerur/sapur/",
     "categoryId": "61afa9efdfbb03c0755103a6",
     "categoryImageUrl": "https://cdne-image-prod-samkaup.azureedge.net/images-cms/media/bgbf4a3r/empty-top-100.png",
     "level": 3
    }
   ],
   "url": "/voerur/heimilisvoerur/hreinlaetisvoerur/sapur/uppthvottalogur-p-30137050",
   "availableInStock": 12,
   "alwaysInStock": false
  },
  {
   "sku": "10036483",
   "displayName": "Álpappír",
   "brand": "Xtra",
   "weight": "",
   "country": "ID",
   "productTeaser": "2 x 20 metrar.",
   "salesPrice": 649.0,
   "pricePerUnit": null,
   "unitOfMeasure": null,
   "icons": [],
   "hazardLabels": [],
   "imageUrl": "https://cdne-image-prod-samkaup.azureedge.net/images-pim/10036483/10036483.png",
   "offer": null,
   "bonus": null,
   "breadcrumbs": [
    {
     "name": "Vörur",
     "url": "/voerur/",
     "categoryId": null,
     "categoryImageUrl": "https://cdne-image-prod-samkaup.azureedge.net/images-cms/media/0btnugbh/fruits-and-vegetables-768x512.jpg",
     "level": 0
    },
    {
     "name": "Heimilisvörur",
     "url": "/voerur/heimilisvoerur/",
     "categoryId": "61aa173cdfbb03c07550ae16",
     "categoryImageUrl": "https://cdne-image-prod-samkaup.azureedge.net/images-cms/media/r02bbbqt/heimilisvoerur-1000-500-px.png",
     "level": 1
    },
    {
     "name": "Ál, plast og einnotavörur",
     "url": "/voerur/heimilisvoerur/al-plast-og-einnotavoerur/",
     "categoryId": "61afa99dbffe2443147fb139",
     "categoryImageUrl": "https://cdne-image-prod-samkaup.azureedge.net/images-cms/media/rhgjq5n5/álpappir-1000-500-px.png",
     "level": 2
    },
    {
     "name": "Álpappír",
     "url": "/voerur/heimilisvoerur/al-plast-og-einnotavoerur/alpappir/",
     "categoryId": "624c2389ae8a756a4482eb96",
     "categoryImageUrl": "https://cdne-image-prod-samkaup.azureedge.net/images-cms/media/bgbf4a3r/empty-top-100.png",
     "level": 3
    }
   ],
   "url": "/voerur/heimilisvoerur/al-plast-og-einnotavoerur/alpappir/alpappir-p-10036483",
   "availableInStock": 20,
   "alwaysInStock": false
  },
  {
   "sku": "30167173",
   "displayName": "Eldhúsrúlla Gigant",
   "brand": "Coop",
   "weight": "",
   "country": "HU",
   "productTeaser": "",
   "salesPrice": 1299.0,
   "pricePerUnit": null,
   "unitOfMeasure": null,
   "icons": [],
   "hazardLabels": [],
   "imageUrl": "https://cdne-image-prod-samkaup.azureedge.net/images-pim/30167173/30167173.png",
   "offer": null,
   "bonus": null,
   "breadcrumbs": [
    {
     "name": "Vörur",
     "url": "/voerur/",
     "categoryId": null,
     "categoryImageUrl": "https://cdne-image-prod-samkaup.azureedge.net/images-cms/media/0btnugbh/fruits-and-vegetables-768x512.jpg",
     "level": 0
    },
    {
     "name": "Heimilisvörur",
     "url": "/voerur/heimilisvoerur/",
     "categoryId": "61aa173cdfbb03c07550ae16",
     "categoryImageUrl": "https://cdne-image-prod-samkaup.azureedge.net/images-cms/media/r02bbbqt/heimilisvoerur-1000-500-px.png",
     "level": 1
    },
    {
     "name": "Salernis- og eldhúspappír",
     "url": "/voerur/heimilisvoerur/salernis-og-eldhuspappir/",
     "categoryId": "61afa97fc665e1cda6403bd0",
     "categoryImageUrl": "https://cdne-image-prod-samkaup.azureedge.net/images-cms/media/3xjbmn30/salerins-og-eldhúspappír-1000-500-px.png",
     "level": 2
    },
    {
     "name": "Eldhúsrúllur",
     "url": "/voerur/heimilisvoerur/salernis-og-eldhuspappir/eldhusrullur/",
     "categoryId": "61afa9bcc665e1cda6403bd7",
     "categoryImageUrl": "https://cdne-image-prod-samkaup.azureedge.net/images-cms/media/bgbf4a3r/empty-top-100.png",
     "level": 3
    }
   ],
   "url": "/voerur/heimilisvoerur/salernis-og-eldhuspappir/eldhusrullur/eldhusrulla-gigant-p-30167173",
   "availableInStock": 47,
   "alwaysInStock": false
  },
  {
   "sku": "30201607",
   "displayName": "Klósetthreinsir",
   "brand": "Domestos",
   "weight": "750 ml.",
   "country": "GB",
   "productTeaser": "Blue Bleach",
   "salesPrice": 239.0,
   "pricePerUnit": 319.0,
   "unitOfMeasure": "ltr.",
   "icons": [],
   "hazardLabels": [],
   "imageUrl": "https://cdne-image-prod-samkaup.azureedge.net/images-pim/30201607/30201607.jpg",
   "offer": null,
   "bonus": null,
   "breadcrumbs": [
    {
     "name": "Vörur",
     "url": "/voerur/",
     "categoryId": null,
     "categoryImageUrl": "https://cdne-image-prod-samkaup.azureedge.net/images-cms/media/0btnugbh/fruits-and-vegetables-768x512.jpg",
     "level": 0
    },
    {
     "name": "Heimilisvörur",
     "url": "/voerur/heimilisvoerur/",
     "categoryId": "61aa173cdfbb03c07550ae16",
     "categoryImageUrl": "https://cdne-image-prod-samkaup.azureedge.net/images-cms/media/r02bbbqt/heimilisvoerur-1000-500-px.png",
     "level": 1
    },
    {
     "name": "Hreinlætisvörur",
     "url": "/voerur/heimilisvoerur/hreinlaetisvoerur/",
     "categoryId": "61afa983bffe2443147fb138",
     "categoryImageUrl": "https://cdne-image-prod-samkaup.azureedge.net/images-cms/media/e1nfe2ng/hreinlaetisvoerur-1000-500-px.png",
     "level": 2
    },
    {
     "name": "Fyrir baðherbergið",
     "url": "/voerur/heimilisvoerur/hreinlaetisvoerur/fyrir-badherbergid/",
     "categoryId": "61afa9d858952c9651e55a02",
     "categoryImageUrl": "https://cdne-image-prod-samkaup.azureedge.net/images-cms/media/bgbf4a3r/empty-top-100.png",
     "level": 3
    }
   ],
   "url": "/voerur/heimilisvoerur/hreinlaetisvoerur/fyrir-badherbergid/klosetthreinsir-p-30201607",
   "availableInStock": 7,
   "alwaysInStock": false
  },
  {
   "sku": "30100133",
   "displayName": "Rafhlöður AA",
   "brand": "Xtra",
   "weight": "",
   "country": "CN",
   "productTeaser": "10 stk.",
   "salesPrice": 699.0,
   "pricePerUnit": null,
   "unitOfMeasure": null,
   "icons": [],
   "hazardLabels": [],
   "imageUrl": "https://cdne-image-prod-samkaup.azureedge.net/images-pim/30100133/30100133.png",
   "offer": null,
   "bonus": null,
   "breadcrumbs": [
    {
     "name": "Vörur",
     "url": "/voerur/",
     "categoryId": null,
     "categoryImageUrl": "https://cdne-image-prod-samkaup.azureedge.net/images-cms/media/0btnugbh/fruits-and-vegetables-768x512.jpg",
     "level": 0
    },
    {
     "name": "Heimilisvörur",
     "url": "/voerur/heimilisvoerur/",
     "categoryId": "61aa173cdfbb03c07550ae16",
     "categoryImageUrl": "https://cdne-image-prod-samkaup.azureedge.net/images-cms/media/r02bbbqt/heimilisvoerur-1000-500-px.png",
     "level": 1
    },
    {
     "name": "Rafhlöður",
     "url": "/voerur/heimilisvoerur/rafhloedur/",
     "categoryId": "61afa995dfbb03c07551039c",
     "categoryImageUrl": "https://cdne-image-prod-samkaup.azureedge.net/images-cms/media/qfvmi00p/rafhloeður-1000-500-px.png",
     "level": 2
    },
    {
     "name": "AA",
     "url": "/voerur/heimilisvoerur/rafhloedur/aa/",
     "categoryId": "624c234bd70c9cb51042ca8a",
     "categoryImageUrl": "https://cdne-image-prod-samkaup.azureedge.net/images-cms/media/bgbf4a3r/empty-top-100.png",
     "level": 3
    }
   ],
   "url": "/voerur/heimilisvoerur/rafhloedur/aa/rafhlodur-aa-p-30100133",
   "availableInStock": 18,
   "alwaysInStock": false
  },
  {
   "sku": "30179629",
   "displayName": "WC Hreinsiklútar",
   "brand": "Þrif",
   "weight": "",
   "country": "",
   "productTeaser": "40 stk.",
   "salesPrice": 329.0,
   "pricePerUnit": null,
   "unitOfMeasure": null,
   "icons": [],
   "hazardLabels": [],
   "imageUrl": "https://cdne-image-prod-samkaup.azureedge.net/images-pim/30179629/30179629.Jpg",
   "offer": null,
   "bonus": null,
   "breadcrumbs": [
    {
     "name": "Vörur",
     "url": "/voerur/",
     "categoryId": null,
     "categoryImageUrl": "https://cdne-image-prod-samkaup.azureedge.net/images-cms/media/0btnugbh/fruits-and-vegetables-768x512.jpg",
     "level": 0
    },
    {
     "name": "Heimilisvörur",
     "url": "/voerur/heimilisvoerur/",
     "categoryId": "61aa173cdfbb03c07550ae16",
     "categoryImageUrl": "https://cdne-image-prod-samkaup.azureedge.net/images-cms/media/r02bbbqt/heimilisvoerur-1000-500-px.png",
     "level": 1
    },
    {
     "name": "Hreinlætisvörur",
     "url": "/voerur/heimilisvoerur/hreinlaetisvoerur/",
     "categoryId": "61afa983bffe2443147fb138",
     "categoryImageUrl": "https://cdne-image-prod-samkaup.azureedge.net/images-cms/media/e1nfe2ng/hreinlaetisvoerur-1000-500-px.png",
     "level": 2
    },
    {
     "name": "Hreinsiklútar",
     "url": "/voerur/heimilisvoerur/hreinlaetisvoerur/hreinsiklutar/",
     "categoryId": "61afa9fddfbb03c0755103a7",
     "categoryImageUrl": "https://cdne-image-prod-samkaup.azureedge.net/images-cms/media/bgbf4a3r/empty-top-100.png",
     "level": 3
    }
   ],
   "url": "/voerur/heimilisvoerur/hreinlaetisvoerur/hreinsiklutar/wc-hreinsiklutar-p-30179629",
   "availableInStock": 26,
   "alwaysInStock": false
  },
  {
   "sku": "30197235",
   "displayName": "Heimilispokar 38 x 55cm.",
   "brand": "Heimilislína",
   "weight": "150 gr.",
   "country": "",
   "productTeaser": "30 stk.",
   "salesPrice": 439.0,
   "pricePerUnit": 2927.0,
   "unitOfMeasure": "kg.",
   "icons": [],
   "hazardLabels": [],
   "imageUrl": "https://cdne-image-prod-samkaup.azureedge.net/images-pim/30197235/30197235.jpg",
   "offer": null,
   "bonus": null,
   "breadcrumbs": [
    {
     "name": "Vörur",
     "url": "/voerur/",
     "categoryId": null,
     "categoryImageUrl": "https://cdne-image-prod-samkaup.azureedge.net/images-cms/media/0btnugbh/fruits-and-vegetables-768x512.jpg",
     "level": 0
    },
    {
     "name": "Heimilisvörur",
     "url": "/voerur/heimilisvoerur/",
     "categoryId": "61aa173cdfbb03c07550ae16",
     "categoryImageUrl": "https://cdne-image-prod-samkaup.azureedge.net/images-cms/media/r02bbbqt/heimilisvoerur-1000-500-px.png",
     "level": 1
    },
    {
     "name": "Pokar",
     "url": "/voerur/heimilisvoerur/pokar/",
     "categoryId": "61afa986c665e1cda6403bd4",
     "categoryImageUrl": "https://cdne-image-prod-samkaup.azureedge.net/images-cms/media/hxehog5s/pokar-1000-500-px.png",
     "level": 2
    },
    {
     "name": "Ruslapokar",
     "url": "/voerur/heimilisvoerur/pokar/ruslapokar/",
     "categoryId": "624c1ed07878f380ce8459e2",
     "categoryImageUrl": "https://cdne-image-prod-samkaup.azureedge.net/images-cms/media/bgbf4a3r/empty-top-100.png",
     "level": 3
    }
   ],
   "url": "/voerur/heimilisvoerur/pokar/ruslapokar/heimilispokar-38-x-55cm-p-30197235",
   "availableInStock": 12,
   "alwaysInStock": false
  },
  {
   "sku": "30167172",
   "displayName": "Tissue 2ja-laga",
   "brand": "Xtra",
   "weight": "",
   "country": "SK",
   "productTeaser": "150 stk.",
   "salesPrice": 379.0,
   "pricePerUnit": null,
   "unitOfMeasure": null,
   "icons": [],
   "hazardLabels": [],
   "imageUrl": "https://cdne-image-prod-samkaup.azureedge.net/images-pim/30167172/30167172.png",
   "offer": null,
   "bonus": null,
   "breadcrumbs": [
    {
     "name": "Vörur",
     "url": "/voerur/",
     "categoryId": null,
     "categoryImageUrl": "https://cdne-image-prod-samkaup.azureedge.net/images-cms/media/0btnugbh/fruits-and-vegetables-768x512.jpg",
     "level": 0
    },
    {
     "name": "Heimilisvörur",
     "url": "/voerur/heimilisvoerur/",
     "categoryId": "61aa173cdfbb03c07550ae16",
     "categoryImageUrl": "https://cdne-image-prod-samkaup.azureedge.net/images-cms/media/r02bbbqt/heimilisvoerur-1000-500-px.png",
     "level": 1
    },
    {
     "name": "Salernis- og eldhúspappír",
     "url": "/voerur/heimilisvoerur/salernis-og-eldhuspappir/",
     "categoryId": "61afa97fc665e1cda6403bd0",
     "categoryImageUrl": "https://cdne-image-prod-samkaup.azureedge.net/images-cms/media/3xjbmn30/salerins-og-eldhúspappír-1000-500-px.png",
     "level": 2
    },
    {
     "name": "Vasaklútar",
     "url": "/voerur/heimilisvoerur/salernis-og-eldhuspappir/vasaklutar/",
     "categoryId": "62768b9b2c86e3d5ecb18bc0",
     "categoryImageUrl": "https://cdne-image-prod-samkaup.azureedge.net/images-cms/media/bgbf4a3r/empty-top-100.png",
     "level": 3
    }
   ],
   "url": "/voerur/heimilisvoerur/salernis-og-eldhuspappir/vasaklutar/tissue-2ja-laga-p-30167172",
   "availableInStock": 16,
   "alwaysInStock": false
  },
  {
   "sku": "30126506",
   "displayName": "Uppþvottavélatöflur",
   "brand": "Finish",
   "weight": "100 gr.",
   "country": "PL",
   "productTeaser": "10 stk.",
   "salesPrice": 419.0,
   "pricePerUnit": 4190.0,
   "unitOfMeasure": "kg.",
   "icons": [],
   "hazardLabels": [],
   "imageUrl": "https://cdne-image-prod-samkaup.azureedge.net/images-pim/30126506/30126506.jpg",
   "offer": null,
   "bonus": null,
   "breadcrumbs": [
    {
     "name": "Vörur",
     "url": "/voerur/",
     "categoryId": null,
     "categoryImageUrl": "https://cdne-image-prod-samkaup.azureedge.net/images-cms/media/0btnugbh/fruits-and-vegetables-768x512.jpg",
     "level": 0
    },
    {
     "name": "Heimilisvörur",
     "url": "/voerur/heimilisvoerur/",
     "categoryId": "61aa173cdfbb03c07550ae16",
     "categoryImageUrl": "https://cdne-image-prod-samkaup.azureedge.net/images-cms/media/r02bbbqt/heimilisvoerur-1000-500-px.png",
     "level": 1
    },
    {
     "name": "Hreinlætisvörur",
     "url": "/voerur/heimilisvoerur/hreinlaetisvoerur/",
     "categoryId": "61afa983bffe2443147fb138",
     "categoryImageUrl": "https://cdne-image-prod-samkaup.azureedge.net/images-cms/media/e1nfe2ng/hreinlaetisvoerur-1000-500-px.png",
     "level": 2
    },
    {
     "name": "Fyrir uppþvottavélina",
     "url": "/voerur/heimilisvoerur/hreinlaetisvoerur/fyrir-uppthvottavelina/",
     "categoryId": "61afa9c4dfbb03c0755103a5",
     "categoryImageUrl": "https://cdne-image-prod-samkaup.azureedge.net/images-cms/media/bgbf4a3r/empty-top-100.png",
     "level": 3
    }
   ],
   "url": "/voerur/heimilisvoerur/hreinlaetisvoerur/fyrir-uppthvottavelina/uppthvottavelatoflur-p-30126506",
   "availableInStock": 53,
   "alwaysInStock": false
  },
  {
   "sku": "30148734",
   "displayName": "WC bursti í Hylki",
   "brand": "Takk",
   "weight": "",
   "country": "",
   "productTeaser": "",
   "salesPrice": 479.0,
   "pricePerUnit": null,
   "unitOfMeasure": null,
   "icons": [],
   "hazardLabels": [],
   "imageUrl": "https://cdne-image-prod-samkaup.azureedge.net/images-pim/30148734/30148734.jpeg",
   "offer": null,
   "bonus": null,
   "breadcrumbs": [
    {
     "name": "Vörur",
     "url": "/voerur/",
     "categoryId": null,
     "categoryImageUrl": "https://cdne-image-prod-samkaup.azureedge.net/images-cms/media/0btnugbh/fruits-and-vegetables-768x512.jpg",
     "level": 0
    },
    {
     "name": "Heimilisvörur",
     "url": "/voerur/heimilisvoerur/",
     "categoryId": "61aa173cdfbb03c07550ae16",
     "categoryImageUrl": "https://cdne-image-prod-samkaup.azureedge.net/images-cms/media/r02bbbqt/heimilisvoerur-1000-500-px.png",
     "level": 1
    },
    {
     "name": "Hreinlætisáhöld",
     "url": "/voerur/heimilisvoerur/hreinlaetisahoeld/",
     "categoryId": "61afa989dfbb03c07551039b",
     "categoryImageUrl": "https://cdne-image-prod-samkaup.azureedge.net/images-cms/media/tfqfbcht/hreinlaetisáhoeld-1000-500-px.png",
     "level": 2
    },
    {
     "name": "Salernisburstar",
     "url": "/voerur/heimilisvoerur/hreinlaetisahoeld/salernisburstar/",
     "categoryId": "624c21e5061b04309fa3f405",
     "categoryImageUrl": "https://cdne-image-prod-samkaup.azureedge.net/images-cms/media/bgbf4a3r/empty-top-100.png",
     "level": 3
    }
   ],
   "url": "/voerur/heimilisvoerur/hreinlaetisahoeld/salernisburstar/wc-bursti-i-hylki-p-30148734",
   "availableInStock": 0,
   "alwaysInStock": true
  },
  {
   "sku": "30034523",
   "displayName": "Glass Crystal Glerhreinsir",
   "brand": "Ajax",
   "weight": "750 ml.",
   "country": "IS",
   "productTeaser": "Hreinsar fitu/óhrein af glerog speglum",
   "salesPrice": 439.0,
   "pricePerUnit": 585.0,
   "unitOfMeasure": "ltr.",
   "icons": [],
   "hazardLabels": [],
   "imageUrl": "https://cdne-image-prod-samkaup.azureedge.net/images-pim/30034523/30034523.png",
   "offer": null,
   "bonus": null,
   "breadcrumbs": [
    {
     "name": "Vörur",
     "url": "/voerur/",
     "categoryId": null,
     "categoryImageUrl": "https://cdne-image-prod-samkaup.azureedge.net/images-cms/media/0btnugbh/fruits-and-vegetables-768x512.jpg",
     "level": 0
    },
    {
     "name": "Heimilisvörur",
     "url": "/voerur/heimilisvoerur/",
     "categoryId": "61aa173cdfbb03c07550ae16",
     "categoryImageUrl": "https://cdne-image-prod-samkaup.azureedge.net/images-cms/media/r02bbbqt/heimilisvoerur-1000-500-px.png",
     "level": 1
    },
    {
     "name": "Hreinlætisvörur",
     "url": "/voerur/heimilisvoerur/hreinlaetisvoerur/",
     "categoryId": "61afa983bffe2443147fb138",
     "categoryImageUrl": "https://cdne-image-prod-samkaup.azureedge.net/images-cms/media/e1nfe2ng/hreinlaetisvoerur-1000-500-px.png",
     "level": 2
    },
    {
     "name": "Fyrir glerið",
     "url": "/voerur/heimilisvoerur/hreinlaetisvoerur/fyrir-glerid/",
     "categoryId": "61afa9e858952c9651e55a06",
     "categoryImageUrl": "https://cdne-image-prod-samkaup.azureedge.net/images-cms/media/bgbf4a3r/empty-top-100.png",
     "level": 3
    }
   ],
   "url": "/voerur/heimilisvoerur/hreinlaetisvoerur/fyrir-glerid/glass-crystal-glerhreinsir-p-30034523",
   "availableInStock": 11,
   "alwaysInStock": false
  },
  {
   "sku": "30139987",
   "displayName": "Hreinsiklútar Bathroom",
   "brand": "Green Shield",
   "weight": "250 gr.",
   "country": "GB",
   "productTeaser": "70 stk.",
   "salesPrice": 359.0,
   "pricePerUnit": 1436.0,
   "unitOfMeasure": "kg.",
   "icons": [],
   "hazardLabels": [],
   "imageUrl": "https://cdne-image-prod-samkaup.azureedge.net/images-pim/30139987/30139987.jpg",
   "offer": null,
   "bonus": null,
   "breadcrumbs": [
    {
     "name": "Vörur",
     "url": "/voerur/",
     "categoryId": null,
     "categoryImageUrl": "https://cdne-image-prod-samkaup.azureedge.net/images-cms/media/0btnugbh/fruits-and-vegetables-768x512.jpg",
     "level": 0
    },
    {
     "name": "Heimilisvörur",
     "url": "/voerur/heimilisvoerur/",
     "categoryId": "61aa173cdfbb03c07550ae16",
     "categoryImageUrl": "https://cdne-image-prod-samkaup.azureedge.net/images-cms/media/r02bbbqt/heimilisvoerur-1000-500-px.png",
     "level": 1
    },
    {
     "name": "Hreinlætisvörur",
     "url": "/voerur/heimilisvoerur/hreinlaetisvoerur/",
     "categoryId": "61afa983bffe2443147fb138",
     "categoryImageUrl": "https://cdne-image-prod-samkaup.azureedge.net/images-cms/media/e1nfe2ng/hreinlaetisvoerur-1000-500-px.png",
     "level": 2
    },
    {
     "name": "Fyrir baðherbergið",
     "url": "/voerur/heimilisvoerur/hreinlaetisvoerur/fyrir-badherbergid/",
     "categoryId": "61afa9d858952c9651e55a02",
     "categoryImageUrl": "https://cdne-image-prod-samkaup.azureedge.net/images-cms/media/bgbf4a3r/empty-top-100.png",
     "level": 3
    }
   ],
   "url": "/voerur/heimilisvoerur/hreinlaetisvoerur/fyrir-badherbergid/hreinsiklutar-bathroom-p-30139987",
   "availableInStock": 7,
   "alwaysInStock": false
  },
  {
   "sku": "293001415",
   "displayName": "Uppþvottalögur Lemon",
   "brand": "Fairy",
   "weight": "433 ml.",
   "country": "GB",
   "productTeaser": "",
   "salesPrice": 259.0,
   "pricePerUnit": 598.0,
   "unitOfMeasure": "ltr.",
   "icons": [],
   "hazardLabels": [],
   "imageUrl": "https://cdne-image-prod-samkaup.azureedge.net/images-pim/293001415/293001415.jpg",
   "offer": null,
   "bonus": null,
   "breadcrumbs": [
    {
     "name": "Vörur",
     "url": "/voerur/",
     "categoryId": null,
     "categoryImageUrl": "https://cdne-image-prod-samkaup.azureedge.net/images-cms/media/0btnugbh/fruits-and-vegetables-768x512.jpg",
     "level": 0
    },
    {
     "name": "Heimilisvörur",
     "url": "/voerur/heimilisvoerur/",
     "categoryId": "61aa173cdfbb03c07550ae16",
     "categoryImageUrl": "https://cdne-image-prod-samkaup.azureedge.net/images-cms/media/r02bbbqt/heimilisvoerur-1000-500-px.png",
     "level": 1
    },
    {
     "name": "Hreinlætisvörur",
     "url": "/voerur/heimilisvoerur/hreinlaetisvoerur/",
     "categoryId": "61afa983bffe2443147fb138",
     "categoryImageUrl": "https://cdne-image-prod-samkaup.azureedge.net/images-cms/media/e1nfe2ng/hreinlaetisvoerur-1000-500-px.png",
     "level": 2
    },
    {
     "name": "Fyrir uppþvottavélina",
     "url": "/voerur/heimilisvoerur/hreinlaetisvoerur/fyrir-uppthvottavelina/",
     "categoryId": "61afa9c4dfbb03c0755103a5",
     "categoryImageUrl": "https://cdne-image-prod-samkaup.azureedge.net/images-cms/media/bgbf4a3r/empty-top-100.png",
     "level": 3
    }
   ],
   "url": "/voerur/heimilisvoerur/hreinlaetisvoerur/fyrir-uppthvottavelina/uppthvottalogur-lemon-p-293001415",
   "availableInStock": 13,
   "alwaysInStock": false
  },
  {
   "sku": "30060400",
   "displayName": "Klór",
   "brand": "Coop",
   "weight": "1500 ml.",
   "country": "DK",
   "productTeaser": "",
   "salesPrice": 549.0,
   "pricePerUnit": 366.0,
   "unitOfMeasure": "ltr.",
   "icons": [],
   "hazardLabels": [],
   "imageUrl": "https://cdne-image-prod-samkaup.azureedge.net/images-pim/30060400/30060400.png",
   "offer": null,
   "bonus": null,
   "breadcrumbs": [
    {
     "name": "Vörur",
     "url": "/voerur/",
     "categoryId": null,
     "categoryImageUrl": "https://cdne-image-prod-samkaup.azureedge.net/images-cms/media/0btnugbh/fruits-and-vegetables-768x512.jpg",
     "level": 0
    },
    {
     "name": "Heimilisvörur",
     "url": "/voerur/heimilisvoerur/",
     "categoryId": "61aa173cdfbb03c07550ae16",
     "categoryImageUrl": "https://cdne-image-prod-samkaup.azureedge.net/images-cms/media/r02bbbqt/heimilisvoerur-1000-500-px.png",
     "level": 1
    },
    {
     "name": "Hreinlætisvörur",
     "url": "/voerur/heimilisvoerur/hreinlaetisvoerur/",
     "categoryId": "61afa983bffe2443147fb138",
     "categoryImageUrl": "https://cdne-image-prod-samkaup.azureedge.net/images-cms/media/e1nfe2ng/hreinlaetisvoerur-1000-500-px.png",
     "level": 2
    },
    {
     "name": "Hreinsiefni",
     "url": "/voerur/heimilisvoerur/hreinlaetisvoerur/hreinsiefni/",
     "categoryId": "61afa9ecbffe2443147fb13e",
     "categoryImageUrl": "https://cdne-image-prod-samkaup.azureedge.net/images-cms/media/bgbf4a3r/empty-top-100.png",
     "level": 3
    }
   ],
   "url": "/voerur/heimilisvoerur/hreinlaetisvoerur/hreinsiefni/klor-p-30060400",
   "availableInStock": 8,
   "alwaysInStock": false
  },
  {
   "sku": "30014710",
   "displayName": "Sorppokar",
   "brand": "Coop",
   "weight": "",
   "country": "LT",
   "productTeaser": "Sorpokar glærir 10stk rl 45MY",
   "salesPrice": 499.0,
   "pricePerUnit": null,
   "unitOfMeasure": null,
   "icons": [],
   "hazardLabels": [],
   "imageUrl": "https://cdne-image-prod-samkaup.azureedge.net/images-pim/30014710/30014710.png",
   "offer": null,
   "bonus": null,
   "breadcrumbs": [
    {
     "name": "Vörur",
     "url": "/voerur/",
     "categoryId": null,
     "categoryImageUrl": "https://cdne-image-prod-samkaup.azureedge.net/images-cms/media/0btnugbh/fruits-and-vegetables-768x512.jpg",
     "level": 0
    },
    {
     "name": "Heimilisvörur",
     "url": "/voerur/heimilisvoerur/",
     "categoryId": "61aa173cdfbb03c07550ae16",
     "categoryImageUrl": "https://cdne-image-prod-samkaup.azureedge.net/images-cms/media/r02bbbqt/heimilisvoerur-1000-500-px.png",
     "level": 1
    },
    {
     "name": "Pokar",
     "url": "/voerur/heimilisvoerur/pokar/",
     "categoryId": "61afa986c665e1cda6403bd4",
     "categoryImageUrl": "https://cdne-image-prod-samkaup.azureedge.net/images-cms/media/hxehog5s/pokar-1000-500-px.png",
     "level": 2
    },
    {
     "name": "Ruslapokar",
     "url": "/voerur/heimilisvoerur/pokar/ruslapokar/",
     "categoryId": "624c1ed07878f380ce8459e2",
     "categoryImageUrl": "https://cdne-image-prod-samkaup.azureedge.net/images-cms/media/bgbf4a3r/empty-top-100.png",
     "level": 3
    }
   ],
   "url": "/voerur/heimilisvoerur/pokar/ruslapokar/sorppokar-p-30014710",
   "availableInStock": 4,
   "alwaysInStock": false
  },
  {
   "sku": "30160832",
   "displayName": "Uppþvottavéla Töflur",
   "brand": "Fairy",
   "weight": "500 ml.",
   "country": "",
   "productTeaser": "22 stk.",
   "salesPrice": 959.0,
   "pricePerUnit": 1918.0,
   "unitOfMeasure": "ltr.",
   "icons": [],
   "hazardLabels": [],
   "imageUrl": "https://cdne-image-prod-samkaup.azureedge.net/images-pim/30160832/30160832.jpg",
   "offer": null,
   "bonus": null,
   "breadcrumbs": [
    {
     "name": "Vörur",
     "url": "/voerur/",
     "categoryId": null,
     "categoryImageUrl": "https://cdne-image-prod-samkaup.azureedge.net/images-cms/media/0btnugbh/fruits-and-vegetables-768x512.jpg",
     "level": 0
    },
    {
     "name": "Heimilisvörur",
     "url": "/voerur/heimilisvoerur/",
     "categoryId": "61aa173cdfbb03c07550ae16",
     "categoryImageUrl": "https://cdne-image-prod-samkaup.azureedge.net/images-cms/media/r02bbbqt/heimilisvoerur-1000-500-px.png",
     "level": 1
    },
    {
     "name": "Hreinlætisvörur",
     "url": "/voerur/heimilisvoerur/hreinlaetisvoerur/",
     "categoryId": "61afa983bffe2443147fb138",
     "categoryImageUrl": "https://cdne-image-prod-samkaup.azureedge.net/images-cms/media/e1nfe2ng/hreinlaetisvoerur-1000-500-px.png",
     "level": 2
    },
    {
     "name": "Fyrir uppþvottavélina",
     "url": "/voerur/heimilisvoerur/hreinlaetisvoerur/fyrir-uppthvottavelina/",
     "categoryId": "61afa9c4dfbb03c0755103a5",
     "categoryImageUrl": "https://cdne-image-prod-samkaup.azureedge.net/images-cms/media/bgbf4a3r/empty-top-100.png",
     "level": 3
    }
   ],
   "url": "/voerur/heimilisvoerur/hreinlaetisvoerur/fyrir-uppthvottavelina/uppthvottavela-toflur-p-30160832",
   "availableInStock": 9,
   "alwaysInStock": false
  },
  {
   "sku": "30208730",
   "displayName": "Pokar Quick Luk 0,5 Ltr +0,25 Ltr.",
   "brand": "COOP",
   "weight": "100 gr.",
   "country": "CN",
   "productTeaser": "40 Stk.",
   "salesPrice": 339.0,
   "pricePerUnit": 3390.0,
   "unitOfMeasure": "kg.",
   "icons": [],
   "hazardLabels": [],
   "imageUrl": "https://cdne-image-prod-samkaup.azureedge.net/images-pim/30208730/30208730.png",
   "offer": null,
   "bonus": null,
   "breadcrumbs": [
    {
     "name": "Vörur",
     "url": "/voerur/",
     "categoryId": null,
     "categoryImageUrl": "https://cdne-image-prod-samkaup.azureedge.net/images-cms/media/0btnugbh/fruits-and-vegetables-768x512.jpg",
     "level": 0
    },
    {
     "name": "Heimilisvörur",
     "url": "/voerur/heimilisvoerur/",
     "categoryId": "61aa173cdfbb03c07550ae16",
     "categoryImageUrl": "https://cdne-image-prod-samkaup.azureedge.net/images-cms/media/r02bbbqt/heimilisvoerur-1000-500-px.png",
     "level": 1
    },
    {
     "name": "Pokar",
     "url": "/voerur/heimilisvoerur/pokar/",
     "categoryId": "61afa986c665e1cda6403bd4",
     "categoryImageUrl": "https://cdne-image-prod-samkaup.azureedge.net/images-cms/media/hxehog5s/pokar-1000-500-px.png",
     "level": 2
    },
    {
     "name": "Nestipokar",
     "url": "/voerur/heimilisvoerur/pokar/nestipokar/",
     "categoryId": "624c1ee2d70c9cb51042ca3c",
     "categoryImageUrl": "https://cdne-image-prod-samkaup.azureedge.net/images-cms/media/bgbf4a3r/empty-top-100.png",
     "level": 3
    }
   ],
   "url": "/voerur/heimilisvoerur/pokar/nestipokar/pokar-quick-luk-0-5-ltr-0-25-ltr-p-30208730",
   "availableInStock": 17,
   "alwaysInStock": false
  },
  {
   "sku": "10053496",
   "displayName": "Plastfilma",
   "brand": "Xtra",
   "weight": "",
   "country": "NL",
   "productTeaser": "X-Tra Plastfilma 60m.",
   "salesPrice": 429.0,
   "pricePerUnit": null,
   "unitOfMeasure": null,
   "icons": [],
   "hazardLabels": [],
   "imageUrl": "https://cdne-image-prod-samkaup.azureedge.net/images-pim/10053496/10053496.png",
   "offer": null,
   "bonus": null,
   "breadcrumbs": [
    {
     "name": "Vörur",
     "url": "/voerur/",
     "categoryId": null,
     "categoryImageUrl": "https://cdne-image-prod-samkaup.azureedge.net/images-cms/media/0btnugbh/fruits-and-vegetables-768x512.jpg",
     "level": 0
    },
    {
     "name": "Heimilisvörur",
     "url": "/voerur/heimilisvoerur/",
     "categoryId": "61aa173cdfbb03c07550ae16",
     "categoryImageUrl": "https://cdne-image-prod-samkaup.azureedge.net/images-cms/media/r02bbbqt/heimilisvoerur-1000-500-px.png",
     "level": 1
    },
    {
     "name": "Ál, plast og einnotavörur",
     "url": "/voerur/heimilisvoerur/al-plast-og-einnotavoerur/",
     "categoryId": "61afa99dbffe2443147fb139",
     "categoryImageUrl": "https://cdne-image-prod-samkaup.azureedge.net/images-cms/media/rhgjq5n5/álpappir-1000-500-px.png",
     "level": 2
    },
    {
     "name": "Plastfilmur",
     "url": "/voerur/heimilisvoerur/al-plast-og-einnotavoerur/plastfilmur/",
     "categoryId": "624c2394d70c9cb51042ca8c",
     "categoryImageUrl": "https://cdne-image-prod-samkaup.azureedge.net/images-cms/media/bgbf4a3r/empty-top-100.png",
     "level": 3
    }
   ],
   "url": "/voerur/heimilisvoerur/al-plast-og-einnotavoerur/plastfilmur/plastfilma-p-10053496",
   "availableInStock": 5,
   "alwaysInStock": false
  },
  {
   "sku": "324606110",
   "displayName": "Sorppokar Nr. 110",
   "brand": "Plastprent",
   "weight": "",
   "country": "IS",
   "productTeaser": "10 stk.",
   "salesPrice": 749.0,
   "pricePerUnit": null,
   "unitOfMeasure": null,
   "icons": [
    "Icelandic"
   ],
   "hazardLabels": [],
   "imageUrl": "https://cdne-image-prod-samkaup.azureedge.net/images-pim/324606110/324606110.png",
   "offer": null,
   "bonus": null,
   "breadcrumbs": [
    {
     "name": "Vörur",
     "url": "/voerur/",
     "categoryId": null,
     "categoryImageUrl": "https://cdne-image-prod-samkaup.azureedge.net/images-cms/media/0btnugbh/fruits-and-vegetables-768x512.jpg",
     "level": 0
    },
    {
     "name": "Heimilisvörur",
     "url": "/voerur/heimilisvoerur/",
     "categoryId": "61aa173cdfbb03c07550ae16",
     "categoryImageUrl": "https://cdne-image-prod-samkaup.azureedge.net/images-cms/media/r02bbbqt/heimilisvoerur-1000-500-px.png",
     "level": 1
    },
    {
     "name": "Pokar",
     "url": "/voerur/heimilisvoerur/pokar/",
     "categoryId": "61afa986c665e1cda6403bd4",
     "categoryImageUrl": "https://cdne-image-prod-samkaup.azureedge.net/images-cms/media/hxehog5s/pokar-1000-500-px.png",
     "level": 2
    },
    {
     "name": "Ruslapokar",
     "url": "/voerur/heimilisvoerur/pokar/ruslapokar/",
     "categoryId": "624c1ed07878f380ce8459e2",
     "categoryImageUrl": "https://cdne-image-prod-samkaup.azureedge.net/images-cms/media/bgbf4a3r/empty-top-100.png",
     "level": 3
    }
   ],
   "url": "/voerur/heimilisvoerur/pokar/ruslapokar/sorppokar-nr-110-p-324606110",
   "availableInStock": 25,
   "alwaysInStock": false
  },
  {
   "sku": "10050554",
   "displayName": "Uppþvottabursti Mjór",
   "brand": "Takk",
   "weight": "",
   "country": "",
   "productTeaser": "",
   "salesPrice": 319.0,
   "pricePerUnit": null,
   "unitOfMeasure": null,
   "icons": [],
   "hazardLabels": [],
   "imageUrl": "https://cdne-image-prod-samkaup.azureedge.net/images-pim/10050554/10050554.jpeg",
   "offer": null,
   "bonus": null,
   "breadcrumbs": [
    {
     "name": "Vörur",
     "url": "/voerur/",
     "categoryId": null,
     "categoryImageUrl": "https://cdne-image-prod-samkaup.azureedge.net/images-cms/media/0btnugbh/fruits-and-vegetables-768x512.jpg",
     "level": 0
    },
    {
     "name": "Heimilisvörur",
     "url": "/voerur/heimilisvoerur/",
     "categoryId": "61aa173cdfbb03c07550ae16",
     "categoryImageUrl": "https://cdne-image-prod-samkaup.azureedge.net/images-cms/media/r02bbbqt/heimilisvoerur-1000-500-px.png",
     "level": 1
    },
    {
     "name": "Hreinlætisáhöld",
     "url": "/voerur/heimilisvoerur/hreinlaetisahoeld/",
     "categoryId": "61afa989dfbb03c07551039b",
     "categoryImageUrl": "https://cdne-image-prod-samkaup.azureedge.net/images-cms/media/tfqfbcht/hreinlaetisáhoeld-1000-500-px.png",
     "level": 2
    },
    {
     "name": "Uppþvottaburstar",
     "url": "/voerur/heimilisvoerur/hreinlaetisahoeld/uppthvottaburstar/",
     "categoryId": "624c21cfae8a756a4482eb7f",
     "categoryImageUrl": "https://cdne-image-prod-samkaup.azureedge.net/images-cms/media/bgbf4a3r/empty-top-100.png",
     "level": 3
    }
   ],
   "url": "/voerur/heimilisvoerur/hreinlaetisahoeld/uppthvottaburstar/uppthvottabursti-mjor-p-10050554",
   "availableInStock": 0,
   "alwaysInStock": true
  },
  {
   "sku": "30207561",
   "displayName": "Þvottaefni Color",
   "brand": "Neutral",
   "weight": "975 gr.",
   "country": "DK",
   "productTeaser": "20 þvottar.",
   "salesPrice": 819.0,
   "pricePerUnit": 840.0,
   "unitOfMeasure": "kg.",
   "icons": [
    "NordicEcolabel"
   ],
   "hazardLabels": [],
   "imageUrl": "https://cdne-image-prod-samkaup.azureedge.net/images-pim/30207561/30207561_1.jpg",
   "offer": null,
   "bonus": null,
   "breadcrumbs": [
    {
     "name": "Vörur",
     "url": "/voerur/",
     "categoryId": null,
     "categoryImageUrl": "https://cdne-image-prod-samkaup.azureedge.net/images-cms/media/0btnugbh/fruits-and-vegetables-768x512.jpg",
     "level": 0
    },
    {
     "name": "Heimilisvörur",
     "url": "/voerur/heimilisvoerur/",
     "categoryId": "61aa173cdfbb03c07550ae16",
     "categoryImageUrl": "https://cdne-image-prod-samkaup.azureedge.net/images-cms/media/r02bbbqt/heimilisvoerur-1000-500-px.png",
     "level": 1
    },
    {
     "name": "Hreinlætisvörur",
     "url": "/voerur/heimilisvoerur/hreinlaetisvoerur/",
     "categoryId": "61afa983bffe2443147fb138",
     "categoryImageUrl": "https://cdne-image-prod-samkaup.azureedge.net/images-cms/media/e1nfe2ng/hreinlaetisvoerur-1000-500-px.png",
     "level": 2
    },
    {
     "name": "Fyrir þvottavélina og þurrkarann",
     "url": "/voerur/heimilisvoerur/hreinlaetisvoerur/fyrir-thvottavelina-og-thurrkarann/",
     "categoryId": "61afa9c0dfbb03c0755103a4",
     "categoryImageUrl": "https://cdne-image-prod-samkaup.azureedge.net/images-cms/media/bgbf4a3r/empty-top-100.png",
     "level": 3
    }
   ],
   "url": "/voerur/heimilisvoerur/hreinlaetisvoerur/fyrir-thvottavelina-og-thurrkarann/thvottaefni-color-p-30207561",
   "availableInStock": 10,
   "alwaysInStock": false
  },
  {
   "sku": "30138710",
   "displayName": "Þvottaduft Color",
   "brand": "Ariel",
   "weight": "1430 gr.",
   "country": "",
   "productTeaser": "22 Þvottar",
   "salesPrice": 981.0,
   "pricePerUnit": 686.0,
   "unitOfMeasure": "kg.",
   "icons": [],
   "hazardLabels": [],
   "imageUrl": "https://cdne-image-prod-samkaup.azureedge.net/images-pim/30138710/30138710.png",
   "offer": null,
   "bonus": null,
   "breadcrumbs": [
    {
     "name": "Vörur",
     "url": "/voerur/",
     "categoryId": null,
     "categoryImageUrl": "https://cdne-image-prod-samkaup.azureedge.net/images-cms/media/0btnugbh/fruits-and-vegetables-768x512.jpg",
     "level": 0
    },
    {
     "name": "Heimilisvörur",
     "url": "/voerur/heimilisvoerur/",
     "categoryId": "61aa173cdfbb03c07550ae16",
     "categoryImageUrl": "https://cdne-image-prod-samkaup.azureedge.net/images-cms/media/r02bbbqt/heimilisvoerur-1000-500-px.png",
     "level": 1
    },
    {
     "name": "Hreinlætisvörur",
     "url": "/voerur/heimilisvoerur/hreinlaetisvoerur/",
     "categoryId": "61afa983bffe2443147fb138",
     "categoryImageUrl": "https://cdne-image-prod-samkaup.azureedge.net/images-cms/media/e1nfe2ng/hreinlaetisvoerur-1000-500-px.png",
     "level": 2
    },
    {
     "name": "Fyrir þvottavélina og þurrkarann",
     "url": "/voerur/heimilisvoerur/hreinlaetisvoerur/fyrir-thvottavelina-og-thurrkarann/",
     "categoryId": "61afa9c0dfbb03c0755103a4",
     "categoryImageUrl": "https://cdne-image-prod-samkaup.azureedge.net/images-cms/media/bgbf4a3r/empty-top-100.png",
     "level": 3
    }
   ],
   "url": "/voerur/heimilisvoerur/hreinlaetisvoerur/fyrir-thvottavelina-og-thurrkarann/thvottaduft-color-p-30138710",
   "availableInStock": 6,
   "alwaysInStock": false
  },
  {
   "sku": "30079445",
   "displayName": "Latex Hanskar Medium",
   "brand": "Takk",
   "weight": "",
   "country": "",
   "productTeaser": "10 stk.",
   "salesPrice": 659.0,
   "pricePerUnit": null,
   "unitOfMeasure": null,
   "icons": [],
   "hazardLabels": [],
   "imageUrl": "https://cdne-image-prod-samkaup.azureedge.net/images-pim/30079445/30079445.jpeg",
   "offer": null,
   "bonus": null,
   "breadcrumbs": [
    {
     "name": "Vörur",
     "url": "/voerur/",
     "categoryId": null,
     "categoryImageUrl": "https://cdne-image-prod-samkaup.azureedge.net/images-cms/media/0btnugbh/fruits-and-vegetables-768x512.jpg",
     "level": 0
    },
    {
     "name": "Heimilisvörur",
     "url": "/voerur/heimilisvoerur/",
     "categoryId": "61aa173cdfbb03c07550ae16",
     "categoryImageUrl": "https://cdne-image-prod-samkaup.azureedge.net/images-cms/media/r02bbbqt/heimilisvoerur-1000-500-px.png",
     "level": 1
    },
    {
     "name": "Hreinlætisáhöld",
     "url": "/voerur/heimilisvoerur/hreinlaetisahoeld/",
     "categoryId": "61afa989dfbb03c07551039b",
     "categoryImageUrl": "https://cdne-image-prod-samkaup.azureedge.net/images-cms/media/tfqfbcht/hreinlaetisáhoeld-1000-500-px.png",
     "level": 2
    },
    {
     "name": "Hanskar",
     "url": "/voerur/heimilisvoerur/hreinlaetisahoeld/hanskar/",
     "categoryId": "624c21bdae8a756a4482eb7e",
     "categoryImageUrl": "https://cdne-image-prod-samkaup.azureedge.net/images-cms/media/bgbf4a3r/empty-top-100.png",
     "level": 3
    }
   ],
   "url": "/voerur/heimilisvoerur/hreinlaetisahoeld/hanskar/latex-hanskar-medium-p-30079445",
   "availableInStock": 0,
   "alwaysInStock": true
  },
  {
   "sku": "30202428",
   "displayName": "Pink Stuff Salernishreinsir",
   "brand": "Stardrops",
   "weight": "750 ml.",
   "country": "GB",
   "productTeaser": "99% náttúruleg innihaldsefni",
   "salesPrice": 369.0,
   "pricePerUnit": 492.0,
   "unitOfMeasure": "ltr.",
   "icons": [],
   "hazardLabels": [],
   "imageUrl": "https://cdne-image-prod-samkaup.azureedge.net/images-pim/30202428/30202428.png",
   "offer": null,
   "bonus": null,
   "breadcrumbs": [
    {
     "name": "Vörur",
     "url": "/voerur/",
     "categoryId": null,
     "categoryImageUrl": "https://cdne-image-prod-samkaup.azureedge.net/images-cms/media/0btnugbh/fruits-and-vegetables-768x512.jpg",
     "level": 0
    },
    {
     "name": "Heimilisvörur",
     "url": "/voerur/heimilisvoerur/",
     "categoryId": "61aa173cdfbb03c07550ae16",
     "categoryImageUrl": "https://cdne-image-prod-samkaup.azureedge.net/images-cms/media/r02bbbqt/heimilisvoerur-1000-500-px.png",
     "level": 1
    },
    {
     "name": "Hreinlætisvörur",
     "url": "/voerur/heimilisvoerur/hreinlaetisvoerur/",
     "categoryId": "61afa983bffe2443147fb138",
     "categoryImageUrl": "https://cdne-image-prod-samkaup.azureedge.net/images-cms/media/e1nfe2ng/hreinlaetisvoerur-1000-500-px.png",
     "level": 2
    },
    {
     "name": "Fyrir baðherbergið",
     "url": "/voerur/heimilisvoerur/hreinlaetisvoerur/fyrir-badherbergid/",
     "categoryId": "61afa9d858952c9651e55a02",
     "categoryImageUrl": "https://cdne-image-prod-samkaup.azureedge.net/images-cms/media/bgbf4a3r/empty-top-100.png",
     "level": 3
    }
   ],
   "url": "/voerur/heimilisvoerur/hreinlaetisvoerur/fyrir-badherbergid/pink-stuff-salernishreinsir-p-30202428",
   "availableInStock": 15,
   "alwaysInStock": false
  },
  {
   "sku": "295313404",
   "displayName": "Hreinsilögur",
   "brand": "Ajax",
   "weight": "1250 ml.",
   "country": "FR",
   "productTeaser": "Ajax Hreing.l.1250ml",
   "salesPrice": 719.0,
   "pricePerUnit": 575.0,
   "unitOfMeasure": "ltr.",
   "icons": [],
   "hazardLabels": [],
   "imageUrl": "https://cdne-image-prod-samkaup.azureedge.net/images-pim/295313404/295313404.png",
   "offer": null,
   "bonus": null,
   "breadcrumbs": [
    {
     "name": "Vörur",
     "url": "/voerur/",
     "categoryId": null,
     "categoryImageUrl": "https://cdne-image-prod-samkaup.azureedge.net/images-cms/media/0btnugbh/fruits-and-vegetables-768x512.jpg",
     "level": 0
    },
    {
     "name": "Heimilisvörur",
     "url": "/voerur/heimilisvoerur/",
     "categoryId": "61aa173cdfbb03c07550ae16",
     "categoryImageUrl": "https://cdne-image-prod-samkaup.azureedge.net/images-cms/media/r02bbbqt/heimilisvoerur-1000-500-px.png",
     "level": 1
    },
    {
     "name": "Hreinlætisvörur",
     "url": "/voerur/heimilisvoerur/hreinlaetisvoerur/",
     "categoryId": "61afa983bffe2443147fb138",
     "categoryImageUrl": "https://cdne-image-prod-samkaup.azureedge.net/images-cms/media/e1nfe2ng/hreinlaetisvoerur-1000-500-px.png",
     "level": 2
    },
    {
     "name": "Hreinsiefni",
     "url": "/voerur/heimilisvoerur/hreinlaetisvoerur/hreinsiefni/",
     "categoryId": "61afa9ecbffe2443147fb13e",
     "categoryImageUrl": "https://cdne-image-prod-samkaup.azureedge.net/images-cms/media/bgbf4a3r/empty-top-100.png",
     "level": 3
    }
   ],
   "url": "/voerur/heimilisvoerur/hreinlaetisvoerur/hreinsiefni/hreinsilogur-p-295313404",
   "availableInStock": 14,
   "alwaysInStock": false
  },
  {
   "sku": "30195692",
   "displayName": "Antibacterial Sprey",
   "brand": "Cif",
   "weight": "700 ml.",
   "country": "",
   "productTeaser": "",
   "salesPrice": 499.0,
   "pricePerUnit": 713.0,
   "unitOfMeasure": "ltr.",
   "icons": [],
   "hazardLabels": [],
   "imageUrl": "https://cdne-image-prod-samkaup.azureedge.net/images-pim/30195692/30195692.jpg",
   "offer": null,
   "bonus": null,
   "breadcrumbs": [
    {
     "name": "Vörur",
     "url": "/voerur/",
     "categoryId": null,
     "categoryImageUrl": "https://cdne-image-prod-samkaup.azureedge.net/images-cms/media/0btnugbh/fruits-and-vegetables-768x512.jpg",
     "level": 0
    },
    {
     "name": "Heimilisvörur",
     "url": "/voerur/heimilisvoerur/",
     "categoryId": "61aa173cdfbb03c07550ae16",
     "categoryImageUrl": "https://cdne-image-prod-samkaup.azureedge.net/images-cms/media/r02bbbqt/heimilisvoerur-1000-500-px.png",
     "level": 1
    },
    {
     "name": "Hreinlætisvörur",
     "url": "/voerur/heimilisvoerur/hreinlaetisvoerur/",
     "categoryId": "61afa983bffe2443147fb138",
     "categoryImageUrl": "https://cdne-image-prod-samkaup.azureedge.net/images-cms/media/e1nfe2ng/hreinlaetisvoerur-1000-500-px.png",
     "level": 2
    },
    {
     "name": "Sótthreinsir og spritt",
     "url": "/voerur/heimilisvoerur/hreinlaetisvoerur/sotthreinsir-og-spritt/",
     "categoryId": "6203def0c6c60b354aee7616",
     "categoryImageUrl": "https://cdne-image-prod-samkaup.azureedge.net/images-cms/media/bgbf4a3r/empty-top-100.png",
     "level": 3
    }
   ],
   "url": "/voerur/heimilisvoerur/hreinlaetisvoerur/sotthreinsir-og-spritt/antibacterial-sprey-p-30195692",
   "availableInStock": 13,
   "alwaysInStock": false
  },
  {
   "sku": "30052438",
   "displayName": "Baðhreinsir Sprey",
   "brand": "Ajax",
   "weight": "750 ml.",
   "country": "DK",
   "productTeaser": "Ajax Bathroom Spray 750ml.",
   "salesPrice": 479.0,
   "pricePerUnit": 639.0,
   "unitOfMeasure": "ltr.",
   "icons": [],
   "hazardLabels": [],
   "imageUrl": "https://cdne-image-prod-samkaup.azureedge.net/images-pim/30052438/30052438.png",
   "offer": null,
   "bonus": null,
   "breadcrumbs": [
    {
     "name": "Vörur",
     "url": "/voerur/",
     "categoryId": null,
     "categoryImageUrl": "https://cdne-image-prod-samkaup.azureedge.net/images-cms/media/0btnugbh/fruits-and-vegetables-768x512.jpg",
     "level": 0
    },
    {
     "name": "Heimilisvörur",
     "url": "/voerur/heimilisvoerur/",
     "categoryId": "61aa173cdfbb03c07550ae16",
     "categoryImageUrl": "https://cdne-image-prod-samkaup.azureedge.net/images-cms/media/r02bbbqt/heimilisvoerur-1000-500-px.png",
     "level": 1
    },
    {
     "name": "Hreinlætisvörur",
     "url": "/voerur/heimilisvoerur/hreinlaetisvoerur/",
     "categoryId": "61afa983bffe2443147fb138",
     "categoryImageUrl": "https://cdne-image-prod-samkaup.azureedge.net/images-cms/media/e1nfe2ng/hreinlaetisvoerur-1000-500-px.png",
     "level": 2
    },
    {
     "name": "Fyrir baðherbergið",
     "url": "/voerur/heimilisvoerur/hreinlaetisvoerur/fyrir-badherbergid/",
     "categoryId": "61afa9d858952c9651e55a02",
     "categoryImageUrl": "https://cdne-image-prod-samkaup.azureedge.net/images-cms/media/bgbf4a3r/empty-top-100.png",
     "level": 3
    }
   ],
   "url": "/voerur/heimilisvoerur/hreinlaetisvoerur/fyrir-badherbergid/badhreinsir-sprey-p-30052438",
   "availableInStock": 15,
   "alwaysInStock": false
  },
  {
   "sku": "30101059",
   "displayName": "Hreinsiklútar Sótthreinsi",
   "brand": "Green Shield",
   "weight": "300 gr.",
   "country": "GB",
   "productTeaser": "70 stk.",
   "salesPrice": 359.0,
   "pricePerUnit": 1197.0,
   "unitOfMeasure": "kg.",
   "icons": [],
   "hazardLabels": [],
   "imageUrl": "https://cdne-image-prod-samkaup.azureedge.net/images-pim/30101059/30101059.jpg",
   "offer": null,
   "bonus": null,
   "breadcrumbs": [
    {
     "name": "Vörur",
     "url": "/voerur/",
     "categoryId": null,
     "categoryImageUrl": "https://cdne-image-prod-samkaup.azureedge.net/images-cms/media/0btnugbh/fruits-and-vegetables-768x512.jpg",
     "level": 0
    },
    {
     "name": "Heimilisvörur",
     "url": "/voerur/heimilisvoerur/",
     "categoryId": "61aa173cdfbb03c07550ae16",
     "categoryImageUrl": "https://cdne-image-prod-samkaup.azureedge.net/images-cms/media/r02bbbqt/heimilisvoerur-1000-500-px.png",
     "level": 1
    },
    {
     "name": "Hreinlætisvörur",
     "url": "/voerur/heimilisvoerur/hreinlaetisvoerur/",
     "categoryId": "61afa983bffe2443147fb138",
     "categoryImageUrl": "https://cdne-image-prod-samkaup.azureedge.net/images-cms/media/e1nfe2ng/hreinlaetisvoerur-1000-500-px.png",
     "level": 2
    },
    {
     "name": "Hreinsiklútar",
     "url": "/voerur/heimilisvoerur/hreinlaetisvoerur/hreinsiklutar/",
     "categoryId": "61afa9fddfbb03c0755103a7",
     "categoryImageUrl": "https://cdne-image-prod-samkaup.azureedge.net/images-cms/media/bgbf4a3r/empty-top-100.png",
     "level": 3
    }
   ],
   "url": "/voerur/heimilisvoerur/hreinlaetisvoerur/hreinsiklutar/hreinsiklutar-sotthreinsi-p-30101059",
   "availableInStock": 5,
   "alwaysInStock": false
  },
  {
   "sku": "30208731",
   "displayName": "Pokar Quick Luk 1 Ltr. +2",
   "brand": "COOP",
   "weight": "100 gr.",
   "country": "CN",
   "productTeaser": "30 Stk.",
   "salesPrice": 519.0,
   "pricePerUnit": 5190.0,
   "unitOfMeasure": "kg.",
   "icons": [],
   "hazardLabels": [],
   "imageUrl": "https://cdne-image-prod-samkaup.azureedge.net/images-pim/30208731/30208731.png",
   "offer": null,
   "bonus": null,
   "breadcrumbs": [
    {
     "name": "Vörur",
     "url": "/voerur/",
     "categoryId": null,
     "categoryImageUrl": "https://cdne-image-prod-samkaup.azureedge.net/images-cms/media/0btnugbh/fruits-and-vegetables-768x512.jpg",
     "level": 0
    },
    {
     "name": "Heimilisvörur",
     "url": "/voerur/heimilisvoerur/",
     "categoryId": "61aa173cdfbb03c07550ae16",
     "categoryImageUrl": "https://cdne-image-prod-samkaup.azureedge.net/images-cms/media/r02bbbqt/heimilisvoerur-1000-500-px.png",
     "level": 1
    },
    {
     "name": "Pokar",
     "url": "/voerur/heimilisvoerur/pokar/",
     "categoryId": "61afa986c665e1cda6403bd4",
     "categoryImageUrl": "https://cdne-image-prod-samkaup.azureedge.net/images-cms/media/hxehog5s/pokar-1000-500-px.png",
     "level": 2
    },
    {
     "name": "Nestipokar",
     "url": "/voerur/heimilisvoerur/pokar/nestipokar/",
     "categoryId": "624c1ee2d70c9cb51042ca3c",
     "categoryImageUrl": "https://cdne-image-prod-samkaup.azureedge.net/images-cms/media/bgbf4a3r/empty-top-100.png",
     "level": 3
    }
   ],
   "url": "/voerur/heimilisvoerur/pokar/nestipokar/pokar-quick-luk-1-ltr-2-p-30208731",
   "availableInStock": 17,
   "alwaysInStock": false
  },
  {
   "sku": "30100132",
   "displayName": "Rafhlöður AAA",
   "brand": "Xtra",
   "weight": "",
   "country": "CN",
   "productTeaser": "10 stk",
   "salesPrice": 599.0,
   "pricePerUnit": null,
   "unitOfMeasure": null,
   "icons": [],
   "hazardLabels": [],
   "imageUrl": "https://cdne-image-prod-samkaup.azureedge.net/images-pim/30100132/30100132.png",
   "offer": null,
   "bonus": null,
   "breadcrumbs": [
    {
     "name": "Vörur",
     "url": "/voerur/",
     "categoryId": null,
     "categoryImageUrl": "https://cdne-image-prod-samkaup.azureedge.net/images-cms/media/0btnugbh/fruits-and-vegetables-768x512.jpg",
     "level": 0
    },
    {
     "name": "Heimilisvörur",
     "url": "/voerur/heimilisvoerur/",
     "categoryId": "61aa173cdfbb03c07550ae16",
     "categoryImageUrl": "https://cdne-image-prod-samkaup.azureedge.net/images-cms/media/r02bbbqt/heimilisvoerur-1000-500-px.png",
     "level": 1
    },
    {
     "name": "Rafhlöður",
     "url": "/voerur/heimilisvoerur/rafhloedur/",
     "categoryId": "61afa995dfbb03c07551039c",
     "categoryImageUrl": "https://cdne-image-prod-samkaup.azureedge.net/images-cms/media/qfvmi00p/rafhloeður-1000-500-px.png",
     "level": 2
    },
    {
     "name": "AAA",
     "url": "/voerur/heimilisvoerur/rafhloedur/aaa/",
     "categoryId": "624c234e7878f380ce845a34",
     "categoryImageUrl": "https://cdne-image-prod-samkaup.azureedge.net/images-cms/media/bgbf4a3r/empty-top-100.png",
     "level": 3
    }
   ],
   "url": "/voerur/heimilisvoerur/rafhloedur/aaa/rafhlodur-aaa-p-30100132",
   "availableInStock": 25,
   "alwaysInStock": false
  },
  {
   "sku": "30154594",
   "displayName": "Vasaklútar",
   "brand": "Kleenex",
   "weight": "200 gr.",
   "country": "GB",
   "productTeaser": "8 stk.",
   "salesPrice": 289.0,
   "pricePerUnit": 1445.0,
   "unitOfMeasure": "kg.",
   "icons": [],
   "hazardLabels": [],
   "imageUrl": "https://cdne-image-prod-samkaup.azureedge.net/images-pim/30154594/30154594.jpg",
   "offer": null,
   "bonus": null,
   "breadcrumbs": [
    {
     "name": "Vörur",
     "url": "/voerur/",
     "categoryId": null,
     "categoryImageUrl": "https://cdne-image-prod-samkaup.azureedge.net/images-cms/media/0btnugbh/fruits-and-vegetables-768x512.jpg",
     "level": 0
    },
    {
     "name": "Heimilisvörur",
     "url": "/voerur/heimilisvoerur/",
     "categoryId": "61aa173cdfbb03c07550ae16",
     "categoryImageUrl": "https://cdne-image-prod-samkaup.azureedge.net/images-cms/media/r02bbbqt/heimilisvoerur-1000-500-px.png",
     "level": 1
    },
    {
     "name": "Salernis- og eldhúspappír",
     "url": "/voerur/heimilisvoerur/salernis-og-eldhuspappir/",
     "categoryId": "61afa97fc665e1cda6403bd0",
     "categoryImageUrl": "https://cdne-image-prod-samkaup.azureedge.net/images-cms/media/3xjbmn30/salerins-og-eldhúspappír-1000-500-px.png",
     "level": 2
    },
    {
     "name": "Vasaklútar",
     "url": "/voerur/heimilisvoerur/salernis-og-eldhuspappir/vasaklutar/",
     "categoryId": "62768b9b2c86e3d5ecb18bc0",
     "categoryImageUrl": "https://cdne-image-prod-samkaup.azureedge.net/images-cms/media/bgbf4a3r/empty-top-100.png",
     "level": 3
    }
   ],
   "url": "/voerur/heimilisvoerur/salernis-og-eldhuspappir/vasaklutar/vasaklutar-p-30154594",
   "availableInStock": 18,
   "alwaysInStock": false
  },
  {
   "sku": "30188692",
   "displayName": "AA Ultra Power",
   "brand": "Duracell",
   "weight": "",
   "country": "",
   "productTeaser": "12 stk.",
   "salesPrice": 1819.0,
   "pricePerUnit": null,
   "unitOfMeasure": null,
   "icons": [],
   "hazardLabels": [],
   "imageUrl": "https://cdne-image-prod-samkaup.azureedge.net/images-pim/30188692/30188692.jpg",
   "offer": null,
   "bonus": null,
   "breadcrumbs": [
    {
     "name": "Vörur",
     "url": "/voerur/",
     "categoryId": null,
     "categoryImageUrl": "https://cdne-image-prod-samkaup.azureedge.net/images-cms/media/0btnugbh/fruits-and-vegetables-768x512.jpg",
     "level": 0
    },
    {
     "name": "Heimilisvörur",
     "url": "/voerur/heimilisvoerur/",
     "categoryId": "61aa173cdfbb03c07550ae16",
     "categoryImageUrl": "https://cdne-image-prod-samkaup.azureedge.net/images-cms/media/r02bbbqt/heimilisvoerur-1000-500-px.png",
     "level": 1
    },
    {
     "name": "Rafhlöður",
     "url": "/voerur/heimilisvoerur/rafhloedur/",
     "categoryId": "61afa995dfbb03c07551039c",
     "categoryImageUrl": "https://cdne-image-prod-samkaup.azureedge.net/images-cms/media/qfvmi00p/rafhloeður-1000-500-px.png",
     "level": 2
    },
    {
     "name": "AA",
     "url": "/voerur/heimilisvoerur/rafhloedur/aa/",
     "categoryId": "624c234bd70c9cb51042ca8a",
     "categoryImageUrl": "https://cdne-image-prod-samkaup.azureedge.net/images-cms/media/bgbf4a3r/empty-top-100.png",
     "level": 3
    }
   ],
   "url": "/voerur/heimilisvoerur/rafhloedur/aa/aa-ultra-power-p-30188692",
   "availableInStock": 0,
   "alwaysInStock": true
  },
  {
   "sku": "30194278",
   "displayName": "Handspritt",
   "brand": "Tært",
   "weight": "1 ltr.",
   "country": "",
   "productTeaser": "",
   "salesPrice": 1119.0,
   "pricePerUnit": 1119.0,
   "unitOfMeasure": "ltr.",
   "icons": [],
   "hazardLabels": [],
   "imageUrl": "https://cdne-image-prod-samkaup.azureedge.net/images-pim/30194278/30194278.jpg",
   "offer": null,
   "bonus": null,
   "breadcrumbs": [
    {
     "name": "Vörur",
     "url": "/voerur/",
     "categoryId": null,
     "categoryImageUrl": "https://cdne-image-prod-samkaup.azureedge.net/images-cms/media/0btnugbh/fruits-and-vegetables-768x512.jpg",
     "level": 0
    },
    {
     "name": "Heimilisvörur",
     "url": "/voerur/heimilisvoerur/",
     "categoryId": "61aa173cdfbb03c07550ae16",
     "categoryImageUrl": "https://cdne-image-prod-samkaup.azureedge.net/images-cms/media/r02bbbqt/heimilisvoerur-1000-500-px.png",
     "level": 1
    },
    {
     "name": "Hreinlætisvörur",
     "url": "/voerur/heimilisvoerur/hreinlaetisvoerur/",
     "categoryId": "61afa983bffe2443147fb138",
     "categoryImageUrl": "https://cdne-image-prod-samkaup.azureedge.net/images-cms/media/e1nfe2ng/hreinlaetisvoerur-1000-500-px.png",
     "level": 2
    },
    {
     "name": "Sótthreinsir og spritt",
     "url": "/voerur/heimilisvoerur/hreinlaetisvoerur/sotthreinsir-og-spritt/",
     "categoryId": "6203def0c6c60b354aee7616",
     "categoryImageUrl": "https://cdne-image-prod-samkaup.azureedge.net/images-cms/media/bgbf4a3r/empty-top-100.png",
     "level": 3
    }
   ],
   "url": "/voerur/heimilisvoerur/hreinlaetisvoerur/sotthreinsir-og-spritt/handspritt-p-30194278",
   "availableInStock": 7,
   "alwaysInStock": false
  },
  {
   "sku": "30122369",
   "displayName": "Blettaeyðir",
   "brand": "Biotex",
   "weight": "750 ml.",
   "country": "",
   "productTeaser": "",
   "salesPrice": 699.0,
   "pricePerUnit": 932.0,
   "unitOfMeasure": "ltr.",
   "icons": [],
   "hazardLabels": [],
   "imageUrl": "https://cdne-image-prod-samkaup.azureedge.net/images-pim/30122369/30122369.png",
   "offer": null,
   "bonus": null,
   "breadcrumbs": [
    {
     "name": "Vörur",
     "url": "/voerur/",
     "categoryId": null,
     "categoryImageUrl": "https://cdne-image-prod-samkaup.azureedge.net/images-cms/media/0btnugbh/fruits-and-vegetables-768x512.jpg",
     "level": 0
    },
    {
     "name": "Heimilisvörur",
     "url": "/voerur/heimilisvoerur/",
     "categoryId": "61aa173cdfbb03c07550ae16",
     "categoryImageUrl": "https://cdne-image-prod-samkaup.azureedge.net/images-cms/media/r02bbbqt/heimilisvoerur-1000-500-px.png",
     "level": 1
    },
    {
     "name": "Hreinlætisvörur",
     "url": "/voerur/heimilisvoerur/hreinlaetisvoerur/",
     "categoryId": "61afa983bffe2443147fb138",
     "categoryImageUrl": "https://cdne-image-prod-samkaup.azureedge.net/images-cms/media/e1nfe2ng/hreinlaetisvoerur-1000-500-px.png",
     "level": 2
    },
    {
     "name": "Fyrir þvottavélina og þurrkarann",
     "url": "/voerur/heimilisvoerur/hreinlaetisvoerur/fyrir-thvottavelina-og-thurrkarann/",
     "categoryId": "61afa9c0dfbb03c0755103a4",
     "categoryImageUrl": "https://cdne-image-prod-samkaup.azureedge.net/images-cms/media/bgbf4a3r/empty-top-100.png",
     "level": 3
    }
   ],
   "url": "/voerur/heimilisvoerur/hreinlaetisvoerur/fyrir-thvottavelina-og-thurrkarann/blettaeydir-p-30122369",
   "availableInStock": 3,
   "alwaysInStock": false
  },
  {
   "sku": "30211404",
   "displayName": "Uppþvottavéladuft",
   "brand": "Finish",
   "weight": "1200 gr.",
   "country": "",
   "productTeaser": "60 Þvottar",
   "salesPrice": 1419.0,
   "pricePerUnit": 1183.0,
   "unitOfMeasure": "kg.",
   "icons": [],
   "hazardLabels": [],
   "imageUrl": "https://cdne-image-prod-samkaup.azureedge.net/images-pim/30211404/30211404.png",
   "offer": null,
   "bonus": null,
   "breadcrumbs": [
    {
     "name": "Vörur",
     "url": "/voerur/",
     "categoryId": null,
     "categoryImageUrl": "https://cdne-image-prod-samkaup.azureedge.net/images-cms/media/0btnugbh/fruits-and-vegetables-768x512.jpg",
     "level": 0
    },
    {
     "name": "Heimilisvörur",
     "url": "/voerur/heimilisvoerur/",
     "categoryId": "61aa173cdfbb03c07550ae16",
     "categoryImageUrl": "https://cdne-image-prod-samkaup.azureedge.net/images-cms/media/r02bbbqt/heimilisvoerur-1000-500-px.png",
     "level": 1
    },
    {
     "name": "Hreinlætisvörur",
     "url": "/voerur/heimilisvoerur/hreinlaetisvoerur/",
     "categoryId": "61afa983bffe2443147fb138",
     "categoryImageUrl": "https://cdne-image-prod-samkaup.azureedge.net/images-cms/media/e1nfe2ng/hreinlaetisvoerur-1000-500-px.png",
     "level": 2
    },
    {
     "name": "Fyrir uppþvottavélina",
     "url": "/voerur/heimilisvoerur/hreinlaetisvoerur/fyrir-uppthvottavelina/",
     "categoryId": "61afa9c4dfbb03c0755103a5",
     "categoryImageUrl": "https://cdne-image-prod-samkaup.azureedge.net/images-cms/media/bgbf4a3r/empty-top-100.png",
     "level": 3
    }
   ],
   "url": "/voerur/heimilisvoerur/hreinlaetisvoerur/fyrir-uppthvottavelina/uppthvottaveladuft-p-30211404",
   "availableInStock": 7,
   "alwaysInStock": false
  },
  {
   "sku": "30193160",
   "displayName": "Ruslapoki",
   "brand": null,
   "weight": "",
   "country": "GB",
   "productTeaser": "20 stk., 70 ltr.",
   "salesPrice": 419.0,
   "pricePerUnit": null,
   "unitOfMeasure": null,
   "icons": [],
   "hazardLabels": [],
   "imageUrl": "https://cdne-image-prod-samkaup.azureedge.net/images-pim/30193160/30193160.jpg",
   "offer": null,
   "bonus": null,
   "breadcrumbs": [
    {
     "name": "Vörur",
     "url": "/voerur/",
     "categoryId": null,
     "categoryImageUrl": "https://cdne-image-prod-samkaup.azureedge.net/images-cms/media/0btnugbh/fruits-and-vegetables-768x512.jpg",
     "level": 0
    },
    {
     "name": "Heimilisvörur",
     "url": "/voerur/heimilisvoerur/",
     "categoryId": "61aa173cdfbb03c07550ae16",
     "categoryImageUrl": "https://cdne-image-prod-samkaup.azureedge.net/images-cms/media/r02bbbqt/heimilisvoerur-1000-500-px.png",
     "level": 1
    },
    {
     "name": "Pokar",
     "url": "/voerur/heimilisvoerur/pokar/",
     "categoryId": "61afa986c665e1cda6403bd4",
     "categoryImageUrl": "https://cdne-image-prod-samkaup.azureedge.net/images-cms/media/hxehog5s/pokar-1000-500-px.png",
     "level": 2
    },
    {
     "name": "Ruslapokar",
     "url": "/voerur/heimilisvoerur/pokar/ruslapokar/",
     "categoryId": "624c1ed07878f380ce8459e2",
     "categoryImageUrl": "https://cdne-image-prod-samkaup.azureedge.net/images-cms/media/bgbf4a3r/empty-top-100.png",
     "level": 3
    }
   ],
   "url": "/voerur/heimilisvoerur/pokar/ruslapokar/ruslapoki-p-30193160",
   "availableInStock": 18,
   "alwaysInStock": false
  },
  {
   "sku": "30044279",
   "displayName": "Þvottaefni Lavender",
   "brand": "Sonett",
   "weight": "2 ltr.",
   "country": "",
   "productTeaser": "",
   "salesPrice": 2099.0,
   "pricePerUnit": 1050.0,
   "unitOfMeasure": "ltr.",
   "icons": [
    "Vegan"
   ],
   "hazardLabels": [],
   "imageUrl": "https://cdne-image-prod-samkaup.azureedge.net/images-pim/30044279/30044279_1.jpg",
   "offer": null,
   "bonus": null,
   "breadcrumbs": [
    {
     "name": "Vörur",
     "url": "/voerur/",
     "categoryId": null,
     "categoryImageUrl": "https://cdne-image-prod-samkaup.azureedge.net/images-cms/media/0btnugbh/fruits-and-vegetables-768x512.jpg",
     "level": 0
    },
    {
     "name": "Heimilisvörur",
     "url": "/voerur/heimilisvoerur/",
     "categoryId": "61aa173cdfbb03c07550ae16",
     "categoryImageUrl": "https://cdne-image-prod-samkaup.azureedge.net/images-cms/media/r02bbbqt/heimilisvoerur-1000-500-px.png",
     "level": 1
    },
    {
     "name": "Hreinlætisvörur",
     "url": "/voerur/heimilisvoerur/hreinlaetisvoerur/",
     "categoryId": "61afa983bffe2443147fb138",
     "categoryImageUrl": "https://cdne-image-prod-samkaup.azureedge.net/images-cms/media/e1nfe2ng/hreinlaetisvoerur-1000-500-px.png",
     "level": 2
    },
    {
     "name": "Fyrir þvottavélina og þurrkarann",
     "url": "/voerur/heimilisvoerur/hreinlaetisvoerur/fyrir-thvottavelina-og-thurrkarann/",
     "categoryId": "61afa9c0dfbb03c0755103a4",
     "categoryImageUrl": "https://cdne-image-prod-samkaup.azureedge.net/images-cms/media/bgbf4a3r/empty-top-100.png",
     "level": 3
    }
   ],
   "url": "/voerur/heimilisvoerur/hreinlaetisvoerur/fyrir-thvottavelina-og-thurrkarann/thvottaefni-lavender-p-30044279",
   "availableInStock": 5,
   "alwaysInStock": false
  },
  {
   "sku": "30201196",
   "displayName": "Gúmmíhanskar Large",
   "brand": "Coop",
   "weight": "",
   "country": "LK",
   "productTeaser": "Gulir",
   "salesPrice": 159.0,
   "pricePerUnit": null,
   "unitOfMeasure": null,
   "icons": [],
   "hazardLabels": [],
   "imageUrl": "https://cdne-image-prod-samkaup.azureedge.net/images-pim/30201196/30201196.png",
   "offer": null,
   "bonus": null,
   "breadcrumbs": [
    {
     "name": "Vörur",
     "url": "/voerur/",
     "categoryId": null,
     "categoryImageUrl": "https://cdne-image-prod-samkaup.azureedge.net/images-cms/media/0btnugbh/fruits-and-vegetables-768x512.jpg",
     "level": 0
    },
    {
     "name": "Heimilisvörur",
     "url": "/voerur/heimilisvoerur/",
     "categoryId": "61aa173cdfbb03c07550ae16",
     "categoryImageUrl": "https://cdne-image-prod-samkaup.azureedge.net/images-cms/media/r02bbbqt/heimilisvoerur-1000-500-px.png",
     "level": 1
    },
    {
     "name": "Hreinlætisáhöld",
     "url": "/voerur/heimilisvoerur/hreinlaetisahoeld/",
     "categoryId": "61afa989dfbb03c07551039b",
     "categoryImageUrl": "https://cdne-image-prod-samkaup.azureedge.net/images-cms/media/tfqfbcht/hreinlaetisáhoeld-1000-500-px.png",
     "level": 2
    }
   ],
   "url": "/voerur/heimilisvoerur/hreinlaetisahoeld/gummihanskar-large-p-30201196",
   "availableInStock": 20,
   "alwaysInStock": false
  },
  {
   "sku": "30201426",
   "displayName": "Einnota Vitrile Hanskar",
   "brand": "Strongwear",
   "weight": "",
   "country": "",
   "productTeaser": "Medium. 100 stk.",
   "salesPrice": 2529.0,
   "pricePerUnit": null,
   "unitOfMeasure": null,
   "icons": [],
   "hazardLabels": [],
   "imageUrl": "https://cdne-image-prod-samkaup.azureedge.net/images-pim/30201426/30201426.jpg",
   "offer": null,
   "bonus": null,
   "breadcrumbs": [
    {
     "name": "Vörur",
     "url": "/voerur/",
     "categoryId": null,
     "categoryImageUrl": "https://cdne-image-prod-samkaup.azureedge.net/images-cms/media/0btnugbh/fruits-and-vegetables-768x512.jpg",
     "level": 0
    },
    {
     "name": "Heimilisvörur",
     "url": "/voerur/heimilisvoerur/",
     "categoryId": "61aa173cdfbb03c07550ae16",
     "categoryImageUrl": "https://cdne-image-prod-samkaup.azureedge.net/images-cms/media/r02bbbqt/heimilisvoerur-1000-500-px.png",
     "level": 1
    },
    {
     "name": "Hreinlætisáhöld",
     "url": "/voerur/heimilisvoerur/hreinlaetisahoeld/",
     "categoryId": "61afa989dfbb03c07551039b",
     "categoryImageUrl": "https://cdne-image-prod-samkaup.azureedge.net/images-cms/media/tfqfbcht/hreinlaetisáhoeld-1000-500-px.png",
     "level": 2
    },
    {
     "name": "Hanskar",
     "url": "/voerur/heimilisvoerur/hreinlaetisahoeld/hanskar/",
     "categoryId": "624c21bdae8a756a4482eb7e",
     "categoryImageUrl": "https://cdne-image-prod-samkaup.azureedge.net/images-cms/media/bgbf4a3r/empty-top-100.png",
     "level": 3
    }
   ],
   "url": "/voerur/heimilisvoerur/hreinlaetisahoeld/hanskar/einnota-vitrile-hanskar-p-30201426",
   "availableInStock": 13,
   "alwaysInStock": false
  },
  {
   "sku": "30144867",
   "displayName": "Eldhúshreinsir",
   "brand": "Cif",
   "weight": "700 ml.",
   "country": "GB",
   "productTeaser": "",
   "salesPrice": 399.0,
   "pricePerUnit": 570.0,
   "unitOfMeasure": "ltr.",
   "icons": [],
   "hazardLabels": [],
   "imageUrl": "https://cdne-image-prod-samkaup.azureedge.net/images-pim/30144867/30144867.jpg",
   "offer": null,
   "bonus": null,
   "breadcrumbs": [
    {
     "name": "Vörur",
     "url": "/voerur/",
     "categoryId": null,
     "categoryImageUrl": "https://cdne-image-prod-samkaup.azureedge.net/images-cms/media/0btnugbh/fruits-and-vegetables-768x512.jpg",
     "level": 0
    },
    {
     "name": "Heimilisvörur",
     "url": "/voerur/heimilisvoerur/",
     "categoryId": "61aa173cdfbb03c07550ae16",
     "categoryImageUrl": "https://cdne-image-prod-samkaup.azureedge.net/images-cms/media/r02bbbqt/heimilisvoerur-1000-500-px.png",
     "level": 1
    },
    {
     "name": "Hreinlætisvörur",
     "url": "/voerur/heimilisvoerur/hreinlaetisvoerur/",
     "categoryId": "61afa983bffe2443147fb138",
     "categoryImageUrl": "https://cdne-image-prod-samkaup.azureedge.net/images-cms/media/e1nfe2ng/hreinlaetisvoerur-1000-500-px.png",
     "level": 2
    },
    {
     "name": "Fyrir eldhúsið",
     "url": "/voerur/heimilisvoerur/hreinlaetisvoerur/fyrir-eldhusid/",
     "categoryId": "61afa9d5c665e1cda6403bdb",
     "categoryImageUrl": "https://cdne-image-prod-samkaup.azureedge.net/images-cms/media/bgbf4a3r/empty-top-100.png",
     "level": 3
    }
   ],
   "url": "/voerur/heimilisvoerur/hreinlaetisvoerur/fyrir-eldhusid/eldhushreinsir-p-30144867",
   "availableInStock": 8,
   "alwaysInStock": false
  },
  {
   "sku": "30165171",
   "displayName": "Fljótandi Þvottaefni",
   "brand": "Ariel",
   "weight": "1890 ml.",
   "country": "",
   "productTeaser": "54 Þvottar",
   "salesPrice": 2379.0,
   "pricePerUnit": 1259.0,
   "unitOfMeasure": "ltr.",
   "icons": [],
   "hazardLabels": [],
   "imageUrl": "https://cdne-image-prod-samkaup.azureedge.net/images-pim/30165171/30165171.png",
   "offer": null,
   "bonus": null,
   "breadcrumbs": [
    {
     "name": "Vörur",
     "url": "/voerur/",
     "categoryId": null,
     "categoryImageUrl": "https://cdne-image-prod-samkaup.azureedge.net/images-cms/media/0btnugbh/fruits-and-vegetables-768x512.jpg",
     "level": 0
    },
    {
     "name": "Heimilisvörur",
     "url": "/voerur/heimilisvoerur/",
     "categoryId": "61aa173cdfbb03c07550ae16",
     "categoryImageUrl": "https://cdne-image-prod-samkaup.azureedge.net/images-cms/media/r02bbbqt/heimilisvoerur-1000-500-px.png",
     "level": 1
    },
    {
     "name": "Hreinlætisvörur",
     "url": "/voerur/heimilisvoerur/hreinlaetisvoerur/",
     "categoryId": "61afa983bffe2443147fb138",
     "categoryImageUrl": "https://cdne-image-prod-samkaup.azureedge.net/images-cms/media/e1nfe2ng/hreinlaetisvoerur-1000-500-px.png",
     "level": 2
    },
    {
     "name": "Fyrir þvottavélina og þurrkarann",
     "url": "/voerur/heimilisvoerur/hreinlaetisvoerur/fyrir-thvottavelina-og-thurrkarann/",
     "categoryId": "61afa9c0dfbb03c0755103a4",
     "categoryImageUrl": "https://cdne-image-prod-samkaup.azureedge.net/images-cms/media/bgbf4a3r/empty-top-100.png",
     "level": 3
    }
   ],
   "url": "/voerur/heimilisvoerur/hreinlaetisvoerur/fyrir-thvottavelina-og-thurrkarann/fljotandi-thvottaefni-p-30165171",
   "availableInStock": 6,
   "alwaysInStock": false
  },
  {
   "sku": "30139799",
   "displayName": "Plastpokar 4 ltr.",
   "brand": "Coop",
   "weight": "",
   "country": "VN",
   "productTeaser": "75 stk.",
   "salesPrice": 299.0,
   "pricePerUnit": null,
   "unitOfMeasure": null,
   "icons": [],
   "hazardLabels": [],
   "imageUrl": "https://cdne-image-prod-samkaup.azureedge.net/images-pim/30139799/30139799.png",
   "offer": null,
   "bonus": null,
   "breadcrumbs": [
    {
     "name": "Vörur",
     "url": "/voerur/",
     "categoryId": null,
     "categoryImageUrl": "https://cdne-image-prod-samkaup.azureedge.net/images-cms/media/0btnugbh/fruits-and-vegetables-768x512.jpg",
     "level": 0
    },
    {
     "name": "Heimilisvörur",
     "url": "/voerur/heimilisvoerur/",
     "categoryId": "61aa173cdfbb03c07550ae16",
     "categoryImageUrl": "https://cdne-image-prod-samkaup.azureedge.net/images-cms/media/r02bbbqt/heimilisvoerur-1000-500-px.png",
     "level": 1
    },
    {
     "name": "Pokar",
     "url": "/voerur/heimilisvoerur/pokar/",
     "categoryId": "61afa986c665e1cda6403bd4",
     "categoryImageUrl": "https://cdne-image-prod-samkaup.azureedge.net/images-cms/media/hxehog5s/pokar-1000-500-px.png",
     "level": 2
    },
    {
     "name": "Frystipokar",
     "url": "/voerur/heimilisvoerur/pokar/frystipokar/",
     "categoryId": "624c1ed7d70c9cb51042ca35",
     "categoryImageUrl": "https://cdne-image-prod-samkaup.azureedge.net/images-cms/media/bgbf4a3r/empty-top-100.png",
     "level": 3
    }
   ],
   "url": "/voerur/heimilisvoerur/pokar/frystipokar/plastpokar-4-ltr-p-30139799",
   "availableInStock": 4,
   "alwaysInStock": false
  },
  {
   "sku": "10024078",
   "displayName": "Uppþvottavélahreinsir",
   "brand": "Finish",
   "weight": "250 ml.",
   "country": "GB",
   "productTeaser": "Finish Vélahreinsir 250ml.",
   "salesPrice": 499.0,
   "pricePerUnit": 1996.0,
   "unitOfMeasure": "ltr.",
   "icons": [],
   "hazardLabels": [],
   "imageUrl": "https://cdne-image-prod-samkaup.azureedge.net/images-pim/10024078/10024078.jpg",
   "offer": null,
   "bonus": null,
   "breadcrumbs": [
    {
     "name": "Vörur",
     "url": "/voerur/",
     "categoryId": null,
     "categoryImageUrl": "https://cdne-image-prod-samkaup.azureedge.net/images-cms/media/0btnugbh/fruits-and-vegetables-768x512.jpg",
     "level": 0
    },
    {
     "name": "Heimilisvörur",
     "url": "/voerur/heimilisvoerur/",
     "categoryId": "61aa173cdfbb03c07550ae16",
     "categoryImageUrl": "https://cdne-image-prod-samkaup.azureedge.net/images-cms/media/r02bbbqt/heimilisvoerur-1000-500-px.png",
     "level": 1
    },
    {
     "name": "Hreinlætisvörur",
     "url": "/voerur/heimilisvoerur/hreinlaetisvoerur/",
     "categoryId": "61afa983bffe2443147fb138",
     "categoryImageUrl": "https://cdne-image-prod-samkaup.azureedge.net/images-cms/media/e1nfe2ng/hreinlaetisvoerur-1000-500-px.png",
     "level": 2
    },
    {
     "name": "Fyrir uppþvottavélina",
     "url": "/voerur/heimilisvoerur/hreinlaetisvoerur/fyrir-uppthvottavelina/",
     "categoryId": "61afa9c4dfbb03c0755103a5",
     "categoryImageUrl": "https://cdne-image-prod-samkaup.azureedge.net/images-cms/media/bgbf4a3r/empty-top-100.png",
     "level": 3
    }
   ],
   "url": "/voerur/heimilisvoerur/hreinlaetisvoerur/fyrir-uppthvottavelina/uppthvottavelahreinsir-p-10024078",
   "availableInStock": 16,
   "alwaysInStock": false
  },
  {
   "sku": "30203929",
   "displayName": "AAA Plus",
   "brand": "Duracell",
   "weight": "",
   "country": "",
   "productTeaser": "20 stk.",
   "salesPrice": 2069.0,
   "pricePerUnit": null,
   "unitOfMeasure": null,
   "icons": [],
   "hazardLabels": [],
   "imageUrl": "https://cdne-image-prod-samkaup.azureedge.net/images-pim/30203929/30203929.jpg",
   "offer": null,
   "bonus": null,
   "breadcrumbs": [
    {
     "name": "Vörur",
     "url": "/voerur/",
     "categoryId": null,
     "categoryImageUrl": "https://cdne-image-prod-samkaup.azureedge.net/images-cms/media/0btnugbh/fruits-and-vegetables-768x512.jpg",
     "level": 0
    },
    {
     "name": "Heimilisvörur",
     "url": "/voerur/heimilisvoerur/",
     "categoryId": "61aa173cdfbb03c07550ae16",
     "categoryImageUrl": "https://cdne-image-prod-samkaup.azureedge.net/images-cms/media/r02bbbqt/heimilisvoerur-1000-500-px.png",
     "level": 1
    },
    {
     "name": "Rafhlöður",
     "url": "/voerur/heimilisvoerur/rafhloedur/",
     "categoryId": "61afa995dfbb03c07551039c",
     "categoryImageUrl": "https://cdne-image-prod-samkaup.azureedge.net/images-cms/media/qfvmi00p/rafhloeður-1000-500-px.png",
     "level": 2
    },
    {
     "name": "AAA",
     "url": "/voerur/heimilisvoerur/rafhloedur/aaa/",
     "categoryId": "624c234e7878f380ce845a34",
     "categoryImageUrl": "https://cdne-image-prod-samkaup.azureedge.net/images-cms/media/bgbf4a3r/empty-top-100.png",
     "level": 3
    }
   ],
   "url": "/voerur/heimilisvoerur/rafhloedur/aaa/aaa-plus-p-30203929",
   "availableInStock": 0,
   "alwaysInStock": true
  },
  {
   "sku": "30050172",
   "displayName": "Álpappír 15 mtr.",
   "brand": "Coop",
   "weight": "",
   "country": "DK",
   "productTeaser": "",
   "salesPrice": 499.0,
   "pricePerUnit": null,
   "unitOfMeasure": null,
   "icons": [],
   "hazardLabels": [],
   "imageUrl": "https://cdne-image-prod-samkaup.azureedge.net/images-pim/30050172/30050172.png",
   "offer": null,
   "bonus": null,
   "breadcrumbs": [
    {
     "name": "Vörur",
     "url": "/voerur/",
     "categoryId": null,
     "categoryImageUrl": "https://cdne-image-prod-samkaup.azureedge.net/images-cms/media/0btnugbh/fruits-and-vegetables-768x512.jpg",
     "level": 0
    },
    {
     "name": "Heimilisvörur",
     "url": "/voerur/heimilisvoerur/",
     "categoryId": "61aa173cdfbb03c07550ae16",
     "categoryImageUrl": "https://cdne-image-prod-samkaup.azureedge.net/images-cms/media/r02bbbqt/heimilisvoerur-1000-500-px.png",
     "level": 1
    },
    {
     "name": "Ál, plast og einnotavörur",
     "url": "/voerur/heimilisvoerur/al-plast-og-einnotavoerur/",
     "categoryId": "61afa99dbffe2443147fb139",
     "categoryImageUrl": "https://cdne-image-prod-samkaup.azureedge.net/images-cms/media/rhgjq5n5/álpappir-1000-500-px.png",
     "level": 2
    },
    {
     "name": "Álpappír",
     "url": "/voerur/heimilisvoerur/al-plast-og-einnotavoerur/alpappir/",
     "categoryId": "624c2389ae8a756a4482eb96",
     "categoryImageUrl": "https://cdne-image-prod-samkaup.azureedge.net/images-cms/media/bgbf4a3r/empty-top-100.png",
     "level": 3
    }
   ],
   "url": "/voerur/heimilisvoerur/al-plast-og-einnotavoerur/alpappir/alpappir-15-mtr-p-30050172",
   "availableInStock": 9,
   "alwaysInStock": false
  },
  {
   "sku": "30208729",
   "displayName": "Frystipokar 2 Ltr.",
   "brand": "COOP",
   "weight": "100 gr.",
   "country": "CN",
   "productTeaser": "30 Stk.",
   "salesPrice": 209.0,
   "pricePerUnit": 2090.0,
   "unitOfMeasure": "kg.",
   "icons": [],
   "hazardLabels": [],
   "imageUrl": "https://cdne-image-prod-samkaup.azureedge.net/images-pim/30208729/30208729.png",
   "offer": null,
   "bonus": null,
   "breadcrumbs": [
    {
     "name": "Vörur",
     "url": "/voerur/",
     "categoryId": null,
     "categoryImageUrl": "https://cdne-image-prod-samkaup.azureedge.net/images-cms/media/0btnugbh/fruits-and-vegetables-768x512.jpg",
     "level": 0
    },
    {
     "name": "Heimilisvörur",
     "url": "/voerur/heimilisvoerur/",
     "categoryId": "61aa173cdfbb03c07550ae16",
     "categoryImageUrl": "https://cdne-image-prod-samkaup.azureedge.net/images-cms/media/r02bbbqt/heimilisvoerur-1000-500-px.png",
     "level": 1
    },
    {
     "name": "Pokar",
     "url": "/voerur/heimilisvoerur/pokar/",
     "categoryId": "61afa986c665e1cda6403bd4",
     "categoryImageUrl": "https://cdne-image-prod-samkaup.azureedge.net/images-cms/media/hxehog5s/pokar-1000-500-px.png",
     "level": 2
    },
    {
     "name": "Frystipokar",
     "url": "/voerur/heimilisvoerur/pokar/frystipokar/",
     "categoryId": "624c1ed7d70c9cb51042ca35",
     "categoryImageUrl": "https://cdne-image-prod-samkaup.azureedge.net/images-cms/media/bgbf4a3r/empty-top-100.png",
     "level": 3
    }
   ],
   "url": "/voerur/heimilisvoerur/pokar/frystipokar/frystipokar-2-ltr-p-30208729",
   "availableInStock": 15,
   "alwaysInStock": false
  },
  {
   "sku": "30123284",
   "displayName": "Gleraugnaþurrkur",
   "brand": "Coop",
   "weight": "150 gr.",
   "country": "CN",
   "productTeaser": "30 stk.",
   "salesPrice": 369.0,
   "pricePerUnit": 2460.0,
   "unitOfMeasure": "kg.",
   "icons": [],
   "hazardLabels": [],
   "imageUrl": "https://cdne-image-prod-samkaup.azureedge.net/images-pim/30123284/30123284.jpg",
   "offer": null,
   "bonus": null,
   "breadcrumbs": [
    {
     "name": "Vörur",
     "url": "/voerur/",
     "categoryId": null,
     "categoryImageUrl": "https://cdne-image-prod-samkaup.azureedge.net/images-cms/media/0btnugbh/fruits-and-vegetables-768x512.jpg",
     "level": 0
    },
    {
     "name": "Heimilisvörur",
     "url": "/voerur/heimilisvoerur/",
     "categoryId": "61aa173cdfbb03c07550ae16",
     "categoryImageUrl": "https://cdne-image-prod-samkaup.azureedge.net/images-cms/media/r02bbbqt/heimilisvoerur-1000-500-px.png",
     "level": 1
    },
    {
     "name": "Hreinlætisáhöld",
     "url": "/voerur/heimilisvoerur/hreinlaetisahoeld/",
     "categoryId": "61afa989dfbb03c07551039b",
     "categoryImageUrl": "https://cdne-image-prod-samkaup.azureedge.net/images-cms/media/tfqfbcht/hreinlaetisáhoeld-1000-500-px.png",
     "level": 2
    },
    {
     "name": "Klútar",
     "url": "/voerur/heimilisvoerur/hreinlaetisahoeld/klutar/",
     "categoryId": "624c21d9ae8a756a4482eb80",
     "categoryImageUrl": "https://cdne-image-prod-samkaup.azureedge.net/images-cms/media/bgbf4a3r/empty-top-100.png",
     "level": 3
    }
   ],
   "url": "/voerur/heimilisvoerur/hreinlaetisahoeld/klutar/gleraugnathurrkur-p-30123284",
   "availableInStock": 9,
   "alwaysInStock": false
  },
  {
   "sku": "30167290",
   "displayName": "Gólfsápa",
   "brand": "Ecozone",
   "weight": "500 ml.",
   "country": "",
   "productTeaser": "",
   "salesPrice": 1169.0,
   "pricePerUnit": 2338.0,
   "unitOfMeasure": "ltr.",
   "icons": [],
   "hazardLabels": [],
   "imageUrl": "https://cdne-image-prod-samkaup.azureedge.net/images-pim/30167290/30167290.png",
   "offer": null,
   "bonus": null,
   "breadcrumbs": [
    {
     "name": "Vörur",
     "url": "/voerur/",
     "categoryId": null,
     "categoryImageUrl": "https://cdne-image-prod-samkaup.azureedge.net/images-cms/media/0btnugbh/fruits-and-vegetables-768x512.jpg",
     "level": 0
    },
    {
     "name": "Heimilisvörur",
     "url": "/voerur/heimilisvoerur/",
     "categoryId": "61aa173cdfbb03c07550ae16",
     "categoryImageUrl": "https://cdne-image-prod-samkaup.azureedge.net/images-cms/media/r02bbbqt/heimilisvoerur-1000-500-px.png",
     "level": 1
    },
    {
     "name": "Hreinlætisvörur",
     "url": "/voerur/heimilisvoerur/hreinlaetisvoerur/",
     "categoryId": "61afa983bffe2443147fb138",
     "categoryImageUrl": "https://cdne-image-prod-samkaup.azureedge.net/images-cms/media/e1nfe2ng/hreinlaetisvoerur-1000-500-px.png",
     "level": 2
    },
    {
     "name": "Fyrir gólfið",
     "url": "/voerur/heimilisvoerur/hreinlaetisvoerur/fyrir-golfid/",
     "categoryId": "61afa9e4c665e1cda6403bdc",
     "categoryImageUrl": "https://cdne-image-prod-samkaup.azureedge.net/images-cms/media/bgbf4a3r/empty-top-100.png",
     "level": 3
    }
   ],
   "url": "/voerur/heimilisvoerur/hreinlaetisvoerur/fyrir-golfid/golfsapa-p-30167290",
   "availableInStock": 13,
   "alwaysInStock": false
  },
  {
   "sku": "30133709",
   "displayName": "Gúmmíhanskar Medium",
   "brand": "Takk",
   "weight": "",
   "country": "",
   "productTeaser": "",
   "salesPrice": 319.0,
   "pricePerUnit": null,
   "unitOfMeasure": null,
   "icons": [],
   "hazardLabels": [],
   "imageUrl": "https://cdne-image-prod-samkaup.azureedge.net/images-pim/30133709/30133709.jpeg",
   "offer": null,
   "bonus": null,
   "breadcrumbs": [
    {
     "name": "Vörur",
     "url": "/voerur/",
     "categoryId": null,
     "categoryImageUrl": "https://cdne-image-prod-samkaup.azureedge.net/images-cms/media/0btnugbh/fruits-and-vegetables-768x512.jpg",
     "level": 0
    },
    {
     "name": "Heimilisvörur",
     "url": "/voerur/heimilisvoerur/",
     "categoryId": "61aa173cdfbb03c07550ae16",
     "categoryImageUrl": "https://cdne-image-prod-samkaup.azureedge.net/images-cms/media/r02bbbqt/heimilisvoerur-1000-500-px.png",
     "level": 1
    },
    {
     "name": "Hreinlætisáhöld",
     "url": "/voerur/heimilisvoerur/hreinlaetisahoeld/",
     "categoryId": "61afa989dfbb03c07551039b",
     "categoryImageUrl": "https://cdne-image-prod-samkaup.azureedge.net/images-cms/media/tfqfbcht/hreinlaetisáhoeld-1000-500-px.png",
     "level": 2
    },
    {
     "name": "Hanskar",
     "url": "/voerur/heimilisvoerur/hreinlaetisahoeld/hanskar/",
     "categoryId": "624c21bdae8a756a4482eb7e",
     "categoryImageUrl": "https://cdne-image-prod-samkaup.azureedge.net/images-cms/media/bgbf4a3r/empty-top-100.png",
     "level": 3
    }
   ],
   "url": "/voerur/heimilisvoerur/hreinlaetisahoeld/hanskar/gummihanskar-medium-p-30133709",
   "availableInStock": 0,
   "alwaysInStock": true
  },
  {
   "sku": "30008614",
   "displayName": "Pink Stuff Multi Purpose Cleaner",
   "brand": "Stardrops",
   "weight": "750 ml.",
   "country": "GB",
   "productTeaser": "",
   "salesPrice": 339.0,
   "pricePerUnit": 452.0,
   "unitOfMeasure": "ltr.",
   "icons": [],
   "hazardLabels": [],
   "imageUrl": "https://cdne-image-prod-samkaup.azureedge.net/images-pim/30008614/30008614.jpg",
   "offer": null,
   "bonus": null,
   "breadcrumbs": [
    {
     "name": "Vörur",
     "url": "/voerur/",
     "categoryId": null,
     "categoryImageUrl": "https://cdne-image-prod-samkaup.azureedge.net/images-cms/media/0btnugbh/fruits-and-vegetables-768x512.jpg",
     "level": 0
    },
    {
     "name": "Heimilisvörur",
     "url": "/voerur/heimilisvoerur/",
     "categoryId": "61aa173cdfbb03c07550ae16",
     "categoryImageUrl": "https://cdne-image-prod-samkaup.azureedge.net/images-cms/media/r02bbbqt/heimilisvoerur-1000-500-px.png",
     "level": 1
    },
    {
     "name": "Hreinlætisvörur",
     "url": "/voerur/heimilisvoerur/hreinlaetisvoerur/",
     "categoryId": "61afa983bffe2443147fb138",
     "categoryImageUrl": "https://cdne-image-prod-samkaup.azureedge.net/images-cms/media/e1nfe2ng/hreinlaetisvoerur-1000-500-px.png",
     "level": 2
    },
    {
     "name": "Hreinsiefni",
     "url": "/voerur/heimilisvoerur/hreinlaetisvoerur/hreinsiefni/",
     "categoryId": "61afa9ecbffe2443147fb13e",
     "categoryImageUrl": "https://cdne-image-prod-samkaup.azureedge.net/images-cms/media/bgbf4a3r/empty-top-100.png",
     "level": 3
    }
   ],
   "url": "/voerur/heimilisvoerur/hreinlaetisvoerur/hreinsiefni/pink-stuff-multi-purpose-cleaner-p-30008614",
   "availableInStock": 10,
   "alwaysInStock": false
  },
  {
   "sku": "10067180",
   "displayName": "Ruslapokar",
   "brand": "Xtra",
   "weight": "",
   "country": "VN",
   "productTeaser": "30 stk.",
   "salesPrice": 499.0,
   "pricePerUnit": null,
   "unitOfMeasure": null,
   "icons": [],
   "hazardLabels": [],
   "imageUrl": "https://cdne-image-prod-samkaup.azureedge.net/images-pim/10067180/10067180.png",
   "offer": null,
   "bonus": null,
   "breadcrumbs": [
    {
     "name": "Vörur",
     "url": "/voerur/",
     "categoryId": null,
     "categoryImageUrl": "https://cdne-image-prod-samkaup.azureedge.net/images-cms/media/0btnugbh/fruits-and-vegetables-768x512.jpg",
     "level": 0
    },
    {
     "name": "Heimilisvörur",
     "url": "/voerur/heimilisvoerur/",
     "categoryId": "61aa173cdfbb03c07550ae16",
     "categoryImageUrl": "https://cdne-image-prod-samkaup.azureedge.net/images-cms/media/r02bbbqt/heimilisvoerur-1000-500-px.png",
     "level": 1
    },
    {
     "name": "Pokar",
     "url": "/voerur/heimilisvoerur/pokar/",
     "categoryId": "61afa986c665e1cda6403bd4",
     "categoryImageUrl": "https://cdne-image-prod-samkaup.azureedge.net/images-cms/media/hxehog5s/pokar-1000-500-px.png",
     "level": 2
    },
    {
     "name": "Ruslapokar",
     "url": "/voerur/heimilisvoerur/pokar/ruslapokar/",
     "categoryId": "624c1ed07878f380ce8459e2",
     "categoryImageUrl": "https://cdne-image-prod-samkaup.azureedge.net/images-cms/media/bgbf4a3r/empty-top-100.png",
     "level": 3
    }
   ],
   "url": "/voerur/heimilisvoerur/pokar/ruslapokar/ruslapokar-p-10067180",
   "availableInStock": 21,
   "alwaysInStock": false
  },
  {
   "sku": "30102460",
   "displayName": "Ruslapoki Með Reimum 60 ltr.",
   "brand": "Plastprent",
   "weight": "",
   "country": "",
   "productTeaser": "10 stk.",
   "salesPrice": 539.0,
   "pricePerUnit": null,
   "unitOfMeasure": null,
   "icons": [],
   "hazardLabels": [],
   "imageUrl": "https://cdne-image-prod-samkaup.azureedge.net/images-pim/30102460/30102460.jpg",
   "offer": null,
   "bonus": null,
   "breadcrumbs": [
    {
     "name": "Vörur",
     "url": "/voerur/",
     "categoryId": null,
     "categoryImageUrl": "https://cdne-image-prod-samkaup.azureedge.net/images-cms/media/0btnugbh/fruits-and-vegetables-768x512.jpg",
     "level": 0
    },
    {
     "name": "Heimilisvörur",
     "url": "/voerur/heimilisvoerur/",
     "categoryId": "61aa173cdfbb03c07550ae16",
     "categoryImageUrl": "https://cdne-image-prod-samkaup.azureedge.net/images-cms/media/r02bbbqt/heimilisvoerur-1000-500-px.png",
     "level": 1
    },
    {
     "name": "Pokar",
     "url": "/voerur/heimilisvoerur/pokar/",
     "categoryId": "61afa986c665e1cda6403bd4",
     "categoryImageUrl": "https://cdne-image-prod-samkaup.azureedge.net/images-cms/media/hxehog5s/pokar-1000-500-px.png",
     "level": 2
    },
    {
     "name": "Ruslapokar",
     "url": "/voerur/heimilisvoerur/pokar/ruslapokar/",
     "categoryId": "624c1ed07878f380ce8459e2",
     "categoryImageUrl": "https://cdne-image-prod-samkaup.azureedge.net/images-cms/media/bgbf4a3r/empty-top-100.png",
     "level": 3
    }
   ],
   "url": "/voerur/heimilisvoerur/pokar/ruslapokar/ruslapoki-med-reimum-60-ltr-p-30102460",
   "availableInStock": 13,
   "alwaysInStock": false
  },
  {
   "sku": "30208801",
   "displayName": "Taumýkir Spring Awakening 1,55 Ltr.",
   "brand": "Lenor",
   "weight": "1550 ml.",
   "country": "",
   "productTeaser": "33 Þvottar",
   "salesPrice": 659.0,
   "pricePerUnit": 425.0,
   "unitOfMeasure": "ltr.",
   "icons": [],
   "hazardLabels": [],
   "imageUrl": "https://cdne-image-prod-samkaup.azureedge.net/images-pim/30208801/30208801.png",
   "offer": null,
   "bonus": null,
   "breadcrumbs": [
    {
     "name": "Vörur",
     "url": "/voerur/",
     "categoryId": null,
     "categoryImageUrl": "https://cdne-image-prod-samkaup.azureedge.net/images-cms/media/0btnugbh/fruits-and-vegetables-768x512.jpg",
     "level": 0
    },
    {
     "name": "Heimilisvörur",
     "url": "/voerur/heimilisvoerur/",
     "categoryId": "61aa173cdfbb03c07550ae16",
     "categoryImageUrl": "https://cdne-image-prod-samkaup.azureedge.net/images-cms/media/r02bbbqt/heimilisvoerur-1000-500-px.png",
     "level": 1
    },
    {
     "name": "Hreinlætisvörur",
     "url": "/voerur/heimilisvoerur/hreinlaetisvoerur/",
     "categoryId": "61afa983bffe2443147fb138",
     "categoryImageUrl": "https://cdne-image-prod-samkaup.azureedge.net/images-cms/media/e1nfe2ng/hreinlaetisvoerur-1000-500-px.png",
     "level": 2
    },
    {
     "name": "Fyrir þvottavélina og þurrkarann",
     "url": "/voerur/heimilisvoerur/hreinlaetisvoerur/fyrir-thvottavelina-og-thurrkarann/",
     "categoryId": "61afa9c0dfbb03c0755103a4",
     "categoryImageUrl": "https://cdne-image-prod-samkaup.azureedge.net/images-cms/media/bgbf4a3r/empty-top-100.png",
     "level": 3
    }
   ],
   "url": "/voerur/heimilisvoerur/hreinlaetisvoerur/fyrir-thvottavelina-og-thurrkarann/taumykir-spring-awakening-1-55-ltr-p-30208801",
   "availableInStock": 10,
   "alwaysInStock": false
  },
  {
   "sku": "30201089",
   "displayName": "Fljótandi Þvottaefni",
   "brand": "Ariel",
   "weight": "1330 ml.",
   "country": "GB",
   "productTeaser": "Regular. 38 þvottar.",
   "salesPrice": 1649.0,
   "pricePerUnit": 1240.0,
   "unitOfMeasure": "ltr.",
   "icons": [],
   "hazardLabels": [],
   "imageUrl": "https://cdne-image-prod-samkaup.azureedge.net/images-pim/30201089/30201089.png",
   "offer": null,
   "bonus": null,
   "breadcrumbs": [
    {
     "name": "Vörur",
     "url": "/voerur/",
     "categoryId": null,
     "categoryImageUrl": "https://cdne-image-prod-samkaup.azureedge.net/images-cms/media/0btnugbh/fruits-and-vegetables-768x512.jpg",
     "level": 0
    },
    {
     "name": "Heimilisvörur",
     "url": "/voerur/heimilisvoerur/",
     "categoryId": "61aa173cdfbb03c07550ae16",
     "categoryImageUrl": "https://cdne-image-prod-samkaup.azureedge.net/images-cms/media/r02bbbqt/heimilisvoerur-1000-500-px.png",
     "level": 1
    },
    {
     "name": "Hreinlætisvörur",
     "url": "/voerur/heimilisvoerur/hreinlaetisvoerur/",
     "categoryId": "61afa983bffe2443147fb138",
     "categoryImageUrl": "https://cdne-image-prod-samkaup.azureedge.net/images-cms/media/e1nfe2ng/hreinlaetisvoerur-1000-500-px.png",
     "level": 2
    },
    {
     "name": "Fyrir þvottavélina og þurrkarann",
     "url": "/voerur/heimilisvoerur/hreinlaetisvoerur/fyrir-thvottavelina-og-thurrkarann/",
     "categoryId": "61afa9c0dfbb03c0755103a4",
     "categoryImageUrl": "https://cdne-image-prod-samkaup.azureedge.net/images-cms/media/bgbf4a3r/empty-top-100.png",
     "level": 3
    }
   ],
   "url": "/voerur/heimilisvoerur/hreinlaetisvoerur/fyrir-thvottavelina-og-thurrkarann/fljotandi-thvottaefni-p-30201089",
   "availableInStock": 12,
   "alwaysInStock": false
  },
  {
   "sku": "30172943",
   "displayName": "Ruslapokar Vegetal Origin",
   "brand": "Coop",
   "weight": "",
   "country": "PT",
   "productTeaser": "15 stk. 30 ltr.",
   "salesPrice": 599.0,
   "pricePerUnit": null,
   "unitOfMeasure": null,
   "icons": [],
   "hazardLabels": [],
   "imageUrl": "https://cdne-image-prod-samkaup.azureedge.net/images-pim/30172943/30172943.png",
   "offer": null,
   "bonus": null,
   "breadcrumbs": [
    {
     "name": "Vörur",
     "url": "/voerur/",
     "categoryId": null,
     "categoryImageUrl": "https://cdne-image-prod-samkaup.azureedge.net/images-cms/media/0btnugbh/fruits-and-vegetables-768x512.jpg",
     "level": 0
    },
    {
     "name": "Heimilisvörur",
     "url": "/voerur/heimilisvoerur/",
     "categoryId": "61aa173cdfbb03c07550ae16",
     "categoryImageUrl": "https://cdne-image-prod-samkaup.azureedge.net/images-cms/media/r02bbbqt/heimilisvoerur-1000-500-px.png",
     "level": 1
    },
    {
     "name": "Pokar",
     "url": "/voerur/heimilisvoerur/pokar/",
     "categoryId": "61afa986c665e1cda6403bd4",
     "categoryImageUrl": "https://cdne-image-prod-samkaup.azureedge.net/images-cms/media/hxehog5s/pokar-1000-500-px.png",
     "level": 2
    },
    {
     "name": "Ruslapokar",
     "url": "/voerur/heimilisvoerur/pokar/ruslapokar/",
     "categoryId": "624c1ed07878f380ce8459e2",
     "categoryImageUrl": "https://cdne-image-prod-samkaup.azureedge.net/images-cms/media/bgbf4a3r/empty-top-100.png",
     "level": 3
    }
   ],
   "url": "/voerur/heimilisvoerur/pokar/ruslapokar/ruslapokar-vegetal-origin-p-30172943",
   "availableInStock": 20,
   "alwaysInStock": false
  },
  {
   "sku": "30203927",
   "displayName": "AAA Plus",
   "brand": "Duracell",
   "weight": "",
   "country": "",
   "productTeaser": "4 stk.",
   "salesPrice": 519.0,
   "pricePerUnit": null,
   "unitOfMeasure": null,
   "icons": [],
   "hazardLabels": [],
   "imageUrl": "https://cdne-image-prod-samkaup.azureedge.net/images-pim/30203927/30203927.jpg",
   "offer": null,
   "bonus": null,
   "breadcrumbs": [
    {
     "name": "Vörur",
     "url": "/voerur/",
     "categoryId": null,
     "categoryImageUrl": "https://cdne-image-prod-samkaup.azureedge.net/images-cms/media/0btnugbh/fruits-and-vegetables-768x512.jpg",
     "level": 0
    },
    {
     "name": "Heimilisvörur",
     "url": "/voerur/heimilisvoerur/",
     "categoryId": "61aa173cdfbb03c07550ae16",
     "categoryImageUrl": "https://cdne-image-prod-samkaup.azureedge.net/images-cms/media/r02bbbqt/heimilisvoerur-1000-500-px.png",
     "level": 1
    },
    {
     "name": "Rafhlöður",
     "url": "/voerur/heimilisvoerur/rafhloedur/",
     "categoryId": "61afa995dfbb03c07551039c",
     "categoryImageUrl": "https://cdne-image-prod-samkaup.azureedge.net/images-cms/media/qfvmi00p/rafhloeður-1000-500-px.png",
     "level": 2
    },
    {
     "name": "AAA",
     "url": "/voerur/heimilisvoerur/rafhloedur/aaa/",
     "categoryId": "624c234e7878f380ce845a34",
     "categoryImageUrl": "https://cdne-image-prod-samkaup.azureedge.net/images-cms/media/bgbf4a3r/empty-top-100.png",
     "level": 3
    }
   ],
   "url": "/voerur/heimilisvoerur/rafhloedur/aaa/aaa-plus-p-30203927",
   "availableInStock": 0,
   "alwaysInStock": true
  },
  {
   "sku": "30047041",
   "displayName": "Sorppokar",
   "brand": "Plastprent",
   "weight": "",
   "country": "",
   "productTeaser": "50 stk.",
   "salesPrice": 2529.0,
   "pricePerUnit": null,
   "unitOfMeasure": null,
   "icons": [],
   "hazardLabels": [],
   "imageUrl": "https://cdne-image-prod-samkaup.azureedge.net/images-pim/30047041/30047041.png",
   "offer": null,
   "bonus": null,
   "breadcrumbs": [
    {
     "name": "Vörur",
     "url": "/voerur/",
     "categoryId": null,
     "categoryImageUrl": "https://cdne-image-prod-samkaup.azureedge.net/images-cms/media/0btnugbh/fruits-and-vegetables-768x512.jpg",
     "level": 0
    },
    {
     "name": "Heimilisvörur",
     "url": "/voerur/heimilisvoerur/",
     "categoryId": "61aa173cdfbb03c07550ae16",
     "categoryImageUrl": "https://cdne-image-prod-samkaup.azureedge.net/images-cms/media/r02bbbqt/heimilisvoerur-1000-500-px.png",
     "level": 1
    },
    {
     "name": "Pokar",
     "url": "/voerur/heimilisvoerur/pokar/",
     "categoryId": "61afa986c665e1cda6403bd4",
     "categoryImageUrl": "https://cdne-image-prod-samkaup.azureedge.net/images-cms/media/hxehog5s/pokar-1000-500-px.png",
     "level": 2
    },
    {
     "name": "Ruslapokar",
     "url": "/voerur/heimilisvoerur/pokar/ruslapokar/",
     "categoryId": "624c1ed07878f380ce8459e2",
     "categoryImageUrl": "https://cdne-image-prod-samkaup.azureedge.net/images-cms/media/bgbf4a3r/empty-top-100.png",
     "level": 3
    }
   ],
   "url": "/voerur/heimilisvoerur/pokar/ruslapokar/sorppokar-p-30047041",
   "availableInStock": 5,
   "alwaysInStock": false
  },
  {
   "sku": "282320130",
   "displayName": "Taumýkir",
   "brand": "Neutral",
   "weight": "1 ltr.",
   "country": "DK",
   "productTeaser": "Neutral ¿ykkni 1L",
   "salesPrice": 549.0,
   "pricePerUnit": 549.0,
   "unitOfMeasure": "ltr.",
   "icons": [],
   "hazardLabels": [],
   "imageUrl": "https://cdne-image-prod-samkaup.azureedge.net/images-pim/282320130/30141441_1.png",
   "offer": null,
   "bonus": null,
   "breadcrumbs": [
    {
     "name": "Vörur",
     "url": "/voerur/",
     "categoryId": null,
     "categoryImageUrl": "https://cdne-image-prod-samkaup.azureedge.net/images-cms/media/0btnugbh/fruits-and-vegetables-768x512.jpg",
     "level": 0
    },
    {
     "name": "Heimilisvörur",
     "url": "/voerur/heimilisvoerur/",
     "categoryId": "61aa173cdfbb03c07550ae16",
     "categoryImageUrl": "https://cdne-image-prod-samkaup.azureedge.net/images-cms/media/r02bbbqt/heimilisvoerur-1000-500-px.png",
     "level": 1
    },
    {
     "name": "Hreinlætisvörur",
     "url": "/voerur/heimilisvoerur/hreinlaetisvoerur/",
     "categoryId": "61afa983bffe2443147fb138",
     "categoryImageUrl": "https://cdne-image-prod-samkaup.azureedge.net/images-cms/media/e1nfe2ng/hreinlaetisvoerur-1000-500-px.png",
     "level": 2
    },
    {
     "name": "Fyrir þvottavélina og þurrkarann",
     "url": "/voerur/heimilisvoerur/hreinlaetisvoerur/fyrir-thvottavelina-og-thurrkarann/",
     "categoryId": "61afa9c0dfbb03c0755103a4",
     "categoryImageUrl": "https://cdne-image-prod-samkaup.azureedge.net/images-cms/media/bgbf4a3r/empty-top-100.png",
     "level": 3
    }
   ],
   "url": "/voerur/heimilisvoerur/hreinlaetisvoerur/fyrir-thvottavelina-og-thurrkarann/taumykir-p-282320130",
   "availableInStock": 7,
   "alwaysInStock": false
  },
  {
   "sku": "30088711",
   "displayName": "WC Steinar Citrus",
   "brand": "Harpic",
   "weight": "80 gr.",
   "country": "DK",
   "productTeaser": "2 stk.",
   "salesPrice": 589.0,
   "pricePerUnit": 7362.0,
   "unitOfMeasure": "kg.",
   "icons": [],
   "hazardLabels": [],
   "imageUrl": "https://cdne-image-prod-samkaup.azureedge.net/images-pim/30088711/30088711.jpg",
   "offer": null,
   "bonus": null,
   "breadcrumbs": [
    {
     "name": "Vörur",
     "url": "/voerur/",
     "categoryId": null,
     "categoryImageUrl": "https://cdne-image-prod-samkaup.azureedge.net/images-cms/media/0btnugbh/fruits-and-vegetables-768x512.jpg",
     "level": 0
    },
    {
     "name": "Heimilisvörur",
     "url": "/voerur/heimilisvoerur/",
     "categoryId": "61aa173cdfbb03c07550ae16",
     "categoryImageUrl": "https://cdne-image-prod-samkaup.azureedge.net/images-cms/media/r02bbbqt/heimilisvoerur-1000-500-px.png",
     "level": 1
    },
    {
     "name": "Hreinlætisvörur",
     "url": "/voerur/heimilisvoerur/hreinlaetisvoerur/",
     "categoryId": "61afa983bffe2443147fb138",
     "categoryImageUrl": "https://cdne-image-prod-samkaup.azureedge.net/images-cms/media/e1nfe2ng/hreinlaetisvoerur-1000-500-px.png",
     "level": 2
    },
    {
     "name": "Fyrir baðherbergið",
     "url": "/voerur/heimilisvoerur/hreinlaetisvoerur/fyrir-badherbergid/",
     "categoryId": "61afa9d858952c9651e55a02",
     "categoryImageUrl": "https://cdne-image-prod-samkaup.azureedge.net/images-cms/media/bgbf4a3r/empty-top-100.png",
     "level": 3
    }
   ],
   "url": "/voerur/heimilisvoerur/hreinlaetisvoerur/fyrir-badherbergid/wc-steinar-citrus-p-30088711",
   "availableInStock": 6,
   "alwaysInStock": false
  },
  {
   "sku": "30118408",
   "displayName": "Þvottaefni Fljótandi Hvítt",
   "brand": "Neutral",
   "weight": "500 ml.",
   "country": "DK",
   "productTeaser": "12 Þvottar",
   "salesPrice": 1479.0,
   "pricePerUnit": 2958.0,
   "unitOfMeasure": "ltr.",
   "icons": [
    "NordicEcolabel"
   ],
   "hazardLabels": [],
   "imageUrl": "https://cdne-image-prod-samkaup.azureedge.net/images-pim/30118408/30118408.png",
   "offer": null,
   "bonus": null,
   "breadcrumbs": [
    {
     "name": "Vörur",
     "url": "/voerur/",
     "categoryId": null,
     "categoryImageUrl": "https://cdne-image-prod-samkaup.azureedge.net/images-cms/media/0btnugbh/fruits-and-vegetables-768x512.jpg",
     "level": 0
    },
    {
     "name": "Heimilisvörur",
     "url": "/voerur/heimilisvoerur/",
     "categoryId": "61aa173cdfbb03c07550ae16",
     "categoryImageUrl": "https://cdne-image-prod-samkaup.azureedge.net/images-cms/media/r02bbbqt/heimilisvoerur-1000-500-px.png",
     "level": 1
    },
    {
     "name": "Hreinlætisvörur",
     "url": "/voerur/heimilisvoerur/hreinlaetisvoerur/",
     "categoryId": "61afa983bffe2443147fb138",
     "categoryImageUrl": "https://cdne-image-prod-samkaup.azureedge.net/images-cms/media/e1nfe2ng/hreinlaetisvoerur-1000-500-px.png",
     "level": 2
    },
    {
     "name": "Fyrir þvottavélina og þurrkarann",
     "url": "/voerur/heimilisvoerur/hreinlaetisvoerur/fyrir-thvottavelina-og-thurrkarann/",
     "categoryId": "61afa9c0dfbb03c0755103a4",
     "categoryImageUrl": "https://cdne-image-prod-samkaup.azureedge.net/images-cms/media/bgbf4a3r/empty-top-100.png",
     "level": 3
    }
   ],
   "url": "/voerur/heimilisvoerur/hreinlaetisvoerur/fyrir-thvottavelina-og-thurrkarann/thvottaefni-fljotandi-hvitt-p-30118408",
   "availableInStock": 13,
   "alwaysInStock": false
  },
  {
   "sku": "30188794",
   "displayName": "Glerúði",
   "brand": "Anglamark",
   "weight": "750 ml.",
   "country": "DK",
   "productTeaser": "Án litar- og lyktarefna",
   "salesPrice": 749.0,
   "pricePerUnit": 999.0,
   "unitOfMeasure": "ltr.",
   "icons": [
    "NordicEcolabel"
   ],
   "hazardLabels": [],
   "imageUrl": "https://cdne-image-prod-samkaup.azureedge.net/images-pim/30188794/30188794.png",
   "offer": null,
   "bonus": null,
   "breadcrumbs": [
    {
     "name": "Vörur",
     "url": "/voerur/",
     "categoryId": null,
     "categoryImageUrl": "https://cdne-image-prod-samkaup.azureedge.net/images-cms/media/0btnugbh/fruits-and-vegetables-768x512.jpg",
     "level": 0
    },
    {
     "name": "Heimilisvörur",
     "url": "/voerur/heimilisvoerur/",
     "categoryId": "61aa173cdfbb03c07550ae16",
     "categoryImageUrl": "https://cdne-image-prod-samkaup.azureedge.net/images-cms/media/r02bbbqt/heimilisvoerur-1000-500-px.png",
     "level": 1
    },
    {
     "name": "Hreinlætisvörur",
     "url": "/voerur/heimilisvoerur/hreinlaetisvoerur/",
     "categoryId": "61afa983bffe2443147fb138",
     "categoryImageUrl": "https://cdne-image-prod-samkaup.azureedge.net/images-cms/media/e1nfe2ng/hreinlaetisvoerur-1000-500-px.png",
     "level": 2
    },
    {
     "name": "Fyrir glerið",
     "url": "/voerur/heimilisvoerur/hreinlaetisvoerur/fyrir-glerid/",
     "categoryId": "61afa9e858952c9651e55a06",
     "categoryImageUrl": "https://cdne-image-prod-samkaup.azureedge.net/images-cms/media/bgbf4a3r/empty-top-100.png",
     "level": 3
    }
   ],
   "url": "/voerur/heimilisvoerur/hreinlaetisvoerur/fyrir-glerid/glerudi-p-30188794",
   "availableInStock": 16,
   "alwaysInStock": false
  },
  {
   "sku": "30044283",
   "displayName": "Yfirborðs- Og Glerhreinsir",
   "brand": "Sonett",
   "weight": "500 ml.",
   "country": "",
   "productTeaser": "",
   "salesPrice": 759.0,
   "pricePerUnit": 1518.0,
   "unitOfMeasure": "ltr.",
   "icons": [
    "Vegan"
   ],
   "hazardLabels": [],
   "imageUrl": "https://cdne-image-prod-samkaup.azureedge.net/images-pim/30044283/30044283.jpg",
   "offer": null,
   "bonus": null,
   "breadcrumbs": [
    {
     "name": "Vörur",
     "url": "/voerur/",
     "categoryId": null,
     "categoryImageUrl": "https://cdne-image-prod-samkaup.azureedge.net/images-cms/media/0btnugbh/fruits-and-vegetables-768x512.jpg",
     "level": 0
    },
    {
     "name": "Heimilisvörur",
     "url": "/voerur/heimilisvoerur/",
     "categoryId": "61aa173cdfbb03c07550ae16",
     "categoryImageUrl": "https://cdne-image-prod-samkaup.azureedge.net/images-cms/media/r02bbbqt/heimilisvoerur-1000-500-px.png",
     "level": 1
    },
    {
     "name": "Hreinlætisvörur",
     "url": "/voerur/heimilisvoerur/hreinlaetisvoerur/",
     "categoryId": "61afa983bffe2443147fb138",
     "categoryImageUrl": "https://cdne-image-prod-samkaup.azureedge.net/images-cms/media/e1nfe2ng/hreinlaetisvoerur-1000-500-px.png",
     "level": 2
    },
    {
     "name": "Fyrir glerið",
     "url": "/voerur/heimilisvoerur/hreinlaetisvoerur/fyrir-glerid/",
     "categoryId": "61afa9e858952c9651e55a06",
     "categoryImageUrl": "https://cdne-image-prod-samkaup.azureedge.net/images-cms/media/bgbf4a3r/empty-top-100.png",
     "level": 3
    }
   ],
   "url": "/voerur/heimilisvoerur/hreinlaetisvoerur/fyrir-glerid/yfirbords-og-glerhreinsir-p-30044283",
   "availableInStock": 9,
   "alwaysInStock": false
  },
  {
   "sku": "30186242",
   "displayName": "Klósetthreinsir",
   "brand": "Duck",
   "weight": "750 ml.",
   "country": "GB",
   "productTeaser": "5 in 1 Citrus",
   "salesPrice": 459.0,
   "pricePerUnit": 612.0,
   "unitOfMeasure": "ltr.",
   "icons": [],
   "hazardLabels": [],
   "imageUrl": "https://cdne-image-prod-samkaup.azureedge.net/images-pim/30186242/30186242.jpg",
   "offer": null,
   "bonus": null,
   "breadcrumbs": [
    {
     "name": "Vörur",
     "url": "/voerur/",
     "categoryId": null,
     "categoryImageUrl": "https://cdne-image-prod-samkaup.azureedge.net/images-cms/media/0btnugbh/fruits-and-vegetables-768x512.jpg",
     "level": 0
    },
    {
     "name": "Heimilisvörur",
     "url": "/voerur/heimilisvoerur/",
     "categoryId": "61aa173cdfbb03c07550ae16",
     "categoryImageUrl": "https://cdne-image-prod-samkaup.azureedge.net/images-cms/media/r02bbbqt/heimilisvoerur-1000-500-px.png",
     "level": 1
    },
    {
     "name": "Hreinlætisvörur",
     "url": "/voerur/heimilisvoerur/hreinlaetisvoerur/",
     "categoryId": "61afa983bffe2443147fb138",
     "categoryImageUrl": "https://cdne-image-prod-samkaup.azureedge.net/images-cms/media/e1nfe2ng/hreinlaetisvoerur-1000-500-px.png",
     "level": 2
    },
    {
     "name": "Fyrir baðherbergið",
     "url": "/voerur/heimilisvoerur/hreinlaetisvoerur/fyrir-badherbergid/",
     "categoryId": "61afa9d858952c9651e55a02",
     "categoryImageUrl": "https://cdne-image-prod-samkaup.azureedge.net/images-cms/media/bgbf4a3r/empty-top-100.png",
     "level": 3
    }
   ],
   "url": "/voerur/heimilisvoerur/hreinlaetisvoerur/fyrir-badherbergid/klosetthreinsir-p-30186242",
   "availableInStock": 3,
   "alwaysInStock": false
  },
  {
   "sku": "30083494",
   "displayName": "Maíspokar 10-12 ltr.",
   "brand": "Íslenska Gámafélagið",
   "weight": "40 gr.",
   "country": "",
   "productTeaser": "",
   "salesPrice": 389.0,
   "pricePerUnit": 9725.0,
   "unitOfMeasure": "kg.",
   "icons": [],
   "hazardLabels": [],
   "imageUrl": "https://cdne-image-prod-samkaup.azureedge.net/images-pim/30083494/30083494.png",
   "offer": null,
   "bonus": null,
   "breadcrumbs": [
    {
     "name": "Vörur",
     "url": "/voerur/",
     "categoryId": null,
     "categoryImageUrl": "https://cdne-image-prod-samkaup.azureedge.net/images-cms/media/0btnugbh/fruits-and-vegetables-768x512.jpg",
     "level": 0
    },
    {
     "name": "Heimilisvörur",
     "url": "/voerur/heimilisvoerur/",
     "categoryId": "61aa173cdfbb03c07550ae16",
     "categoryImageUrl": "https://cdne-image-prod-samkaup.azureedge.net/images-cms/media/r02bbbqt/heimilisvoerur-1000-500-px.png",
     "level": 1
    },
    {
     "name": "Pokar",
     "url": "/voerur/heimilisvoerur/pokar/",
     "categoryId": "61afa986c665e1cda6403bd4",
     "categoryImageUrl": "https://cdne-image-prod-samkaup.azureedge.net/images-cms/media/hxehog5s/pokar-1000-500-px.png",
     "level": 2
    },
    {
     "name": "Ruslapokar",
     "url": "/voerur/heimilisvoerur/pokar/ruslapokar/",
     "categoryId": "624c1ed07878f380ce8459e2",
     "categoryImageUrl": "https://cdne-image-prod-samkaup.azureedge.net/images-cms/media/bgbf4a3r/empty-top-100.png",
     "level": 3
    }
   ],
   "url": "/voerur/heimilisvoerur/pokar/ruslapokar/maispokar-10-12-ltr-p-30083494",
   "availableInStock": 30,
   "alwaysInStock": false
  },
  {
   "sku": "30201919",
   "displayName": "Pink Stuff Blettaeyðir Spray",
   "brand": "Stardrops",
   "weight": "500 ml.",
   "country": "GB",
   "productTeaser": "",
   "salesPrice": 459.0,
   "pricePerUnit": 918.0,
   "unitOfMeasure": "ltr.",
   "icons": [],
   "hazardLabels": [],
   "imageUrl": "https://cdne-image-prod-samkaup.azureedge.net/images-pim/30201919/30201919.png",
   "offer": null,
   "bonus": null,
   "breadcrumbs": [
    {
     "name": "Vörur",
     "url": "/voerur/",
     "categoryId": null,
     "categoryImageUrl": "https://cdne-image-prod-samkaup.azureedge.net/images-cms/media/0btnugbh/fruits-and-vegetables-768x512.jpg",
     "level": 0
    },
    {
     "name": "Heimilisvörur",
     "url": "/voerur/heimilisvoerur/",
     "categoryId": "61aa173cdfbb03c07550ae16",
     "categoryImageUrl": "https://cdne-image-prod-samkaup.azureedge.net/images-cms/media/r02bbbqt/heimilisvoerur-1000-500-px.png",
     "level": 1
    },
    {
     "name": "Hreinlætisvörur",
     "url": "/voerur/heimilisvoerur/hreinlaetisvoerur/",
     "categoryId": "61afa983bffe2443147fb138",
     "categoryImageUrl": "https://cdne-image-prod-samkaup.azureedge.net/images-cms/media/e1nfe2ng/hreinlaetisvoerur-1000-500-px.png",
     "level": 2
    },
    {
     "name": "Fyrir þvottavélina og þurrkarann",
     "url": "/voerur/heimilisvoerur/hreinlaetisvoerur/fyrir-thvottavelina-og-thurrkarann/",
     "categoryId": "61afa9c0dfbb03c0755103a4",
     "categoryImageUrl": "https://cdne-image-prod-samkaup.azureedge.net/images-cms/media/bgbf4a3r/empty-top-100.png",
     "level": 3
    }
   ],
   "url": "/voerur/heimilisvoerur/hreinlaetisvoerur/fyrir-thvottavelina-og-thurrkarann/pink-stuff-blettaeydir-spray-p-30201919",
   "availableInStock": 5,
   "alwaysInStock": false
  },
  {
   "sku": "30092422",
   "displayName": "Plastfilma",
   "brand": "Coop",
   "weight": "",
   "country": "DE",
   "productTeaser": "65 stk.",
   "salesPrice": 349.0,
   "pricePerUnit": null,
   "unitOfMeasure": null,
   "icons": [],
   "hazardLabels": [],
   "imageUrl": "https://cdne-image-prod-samkaup.azureedge.net/images-pim/30092422/30092422.png",
   "offer": null,
   "bonus": null,
   "breadcrumbs": [
    {
     "name": "Vörur",
     "url": "/voerur/",
     "categoryId": null,
     "categoryImageUrl": "https://cdne-image-prod-samkaup.azureedge.net/images-cms/media/0btnugbh/fruits-and-vegetables-768x512.jpg",
     "level": 0
    },
    {
     "name": "Heimilisvörur",
     "url": "/voerur/heimilisvoerur/",
     "categoryId": "61aa173cdfbb03c07550ae16",
     "categoryImageUrl": "https://cdne-image-prod-samkaup.azureedge.net/images-cms/media/r02bbbqt/heimilisvoerur-1000-500-px.png",
     "level": 1
    },
    {
     "name": "Ál, plast og einnotavörur",
     "url": "/voerur/heimilisvoerur/al-plast-og-einnotavoerur/",
     "categoryId": "61afa99dbffe2443147fb139",
     "categoryImageUrl": "https://cdne-image-prod-samkaup.azureedge.net/images-cms/media/rhgjq5n5/álpappir-1000-500-px.png",
     "level": 2
    },
    {
     "name": "Plastfilmur",
     "url": "/voerur/heimilisvoerur/al-plast-og-einnotavoerur/plastfilmur/",
     "categoryId": "624c2394d70c9cb51042ca8c",
     "categoryImageUrl": "https://cdne-image-prod-samkaup.azureedge.net/images-cms/media/bgbf4a3r/empty-top-100.png",
     "level": 3
    }
   ],
   "url": "/voerur/heimilisvoerur/al-plast-og-einnotavoerur/plastfilmur/plastfilma-p-30092422",
   "availableInStock": 21,
   "alwaysInStock": false
  },
  {
   "sku": "10050457",
   "displayName": "Ryk Klútur 60 cm.",
   "brand": "Takk",
   "weight": "",
   "country": "",
   "productTeaser": "50 stk.",
   "salesPrice": 719.0,
   "pricePerUnit": null,
   "unitOfMeasure": null,
   "icons": [],
   "hazardLabels": [],
   "imageUrl": "https://cdne-image-prod-samkaup.azureedge.net/images-pim/10050457/10050457.jpg",
   "offer": null,
   "bonus": null,
   "breadcrumbs": [
    {
     "name": "Vörur",
     "url": "/voerur/",
     "categoryId": null,
     "categoryImageUrl": "https://cdne-image-prod-samkaup.azureedge.net/images-cms/media/0btnugbh/fruits-and-vegetables-768x512.jpg",
     "level": 0
    },
    {
     "name": "Heimilisvörur",
     "url": "/voerur/heimilisvoerur/",
     "categoryId": "61aa173cdfbb03c07550ae16",
     "categoryImageUrl": "https://cdne-image-prod-samkaup.azureedge.net/images-cms/media/r02bbbqt/heimilisvoerur-1000-500-px.png",
     "level": 1
    },
    {
     "name": "Hreinlætisáhöld",
     "url": "/voerur/heimilisvoerur/hreinlaetisahoeld/",
     "categoryId": "61afa989dfbb03c07551039b",
     "categoryImageUrl": "https://cdne-image-prod-samkaup.azureedge.net/images-cms/media/tfqfbcht/hreinlaetisáhoeld-1000-500-px.png",
     "level": 2
    },
    {
     "name": "Klútar",
     "url": "/voerur/heimilisvoerur/hreinlaetisahoeld/klutar/",
     "categoryId": "624c21d9ae8a756a4482eb80",
     "categoryImageUrl": "https://cdne-image-prod-samkaup.azureedge.net/images-cms/media/bgbf4a3r/empty-top-100.png",
     "level": 3
    }
   ],
   "url": "/voerur/heimilisvoerur/hreinlaetisahoeld/klutar/ryk-klutur-60-cm-p-10050457",
   "availableInStock": 0,
   "alwaysInStock": true
  },
  {
   "sku": "30188797",
   "displayName": "Uppþvotta Gljái",
   "brand": "Anglamark",
   "weight": "500 ml.",
   "country": "DK",
   "productTeaser": "",
   "salesPrice": 449.0,
   "pricePerUnit": 898.0,
   "unitOfMeasure": "ltr.",
   "icons": [
    "Vegan",
    "NordicEcolabel"
   ],
   "hazardLabels": [],
   "imageUrl": "https://cdne-image-prod-samkaup.azureedge.net/images-pim/30188797/30188797.png",
   "offer": null,
   "bonus": null,
   "breadcrumbs": [
    {
     "name": "Vörur",
     "url": "/voerur/",
     "categoryId": null,
     "categoryImageUrl": "https://cdne-image-prod-samkaup.azureedge.net/images-cms/media/0btnugbh/fruits-and-vegetables-768x512.jpg",
     "level": 0
    },
    {
     "name": "Heimilisvörur",
     "url": "/voerur/heimilisvoerur/",
     "categoryId": "61aa173cdfbb03c07550ae16",
     "categoryImageUrl": "https://cdne-image-prod-samkaup.azureedge.net/images-cms/media/r02bbbqt/heimilisvoerur-1000-500-px.png",
     "level": 1
    },
    {
     "name": "Hreinlætisvörur",
     "url": "/voerur/heimilisvoerur/hreinlaetisvoerur/",
     "categoryId": "61afa983bffe2443147fb138",
     "categoryImageUrl": "https://cdne-image-prod-samkaup.azureedge.net/images-cms/media/e1nfe2ng/hreinlaetisvoerur-1000-500-px.png",
     "level": 2
    },
    {
     "name": "Fyrir uppþvottavélina",
     "url": "/voerur/heimilisvoerur/hreinlaetisvoerur/fyrir-uppthvottavelina/",
     "categoryId": "61afa9c4dfbb03c0755103a5",
     "categoryImageUrl": "https://cdne-image-prod-samkaup.azureedge.net/images-cms/media/bgbf4a3r/empty-top-100.png",
     "level": 3
    }
   ],
   "url": "/voerur/heimilisvoerur/hreinlaetisvoerur/fyrir-uppthvottavelina/uppthvotta-gljai-p-30188797",
   "availableInStock": 6,
   "alwaysInStock": false
  },
  {
   "sku": "30044286",
   "displayName": "Uppþvottalögur Sítrónu",
   "brand": "Sonett",
   "weight": "1 ltr.",
   "country": "",
   "productTeaser": "",
   "salesPrice": 849.0,
   "pricePerUnit": 849.0,
   "unitOfMeasure": "ltr.",
   "icons": [
    "Vegan"
   ],
   "hazardLabels": [],
   "imageUrl": "https://cdne-image-prod-samkaup.azureedge.net/images-pim/30044286/30044286_1.jpg",
   "offer": null,
   "bonus": null,
   "breadcrumbs": [
    {
     "name": "Vörur",
     "url": "/voerur/",
     "categoryId": null,
     "categoryImageUrl": "https://cdne-image-prod-samkaup.azureedge.net/images-cms/media/0btnugbh/fruits-and-vegetables-768x512.jpg",
     "level": 0
    },
    {
     "name": "Heimilisvörur",
     "url": "/voerur/heimilisvoerur/",
     "categoryId": "61aa173cdfbb03c07550ae16",
     "categoryImageUrl": "https://cdne-image-prod-samkaup.azureedge.net/images-cms/media/r02bbbqt/heimilisvoerur-1000-500-px.png",
     "level": 1
    },
    {
     "name": "Hreinlætisvörur",
     "url": "/voerur/heimilisvoerur/hreinlaetisvoerur/",
     "categoryId": "61afa983bffe2443147fb138",
     "categoryImageUrl": "https://cdne-image-prod-samkaup.azureedge.net/images-cms/media/e1nfe2ng/hreinlaetisvoerur-1000-500-px.png",
     "level": 2
    },
    {
     "name": "Fyrir eldhúsið",
     "url": "/voerur/heimilisvoerur/hreinlaetisvoerur/fyrir-eldhusid/",
     "categoryId": "61afa9d5c665e1cda6403bdb",
     "categoryImageUrl": "https://cdne-image-prod-samkaup.azureedge.net/images-cms/media/bgbf4a3r/empty-top-100.png",
     "level": 3
    }
   ],
   "url": "/voerur/heimilisvoerur/hreinlaetisvoerur/fyrir-eldhusid/uppthvottalogur-sitronu-p-30044286",
   "availableInStock": 9,
   "alwaysInStock": false
  },
  {
   "sku": "30106871",
   "displayName": "Þvottaefni Color Fljótandi",
   "brand": "Anglamark",
   "weight": "900 ml.",
   "country": "DK",
   "productTeaser": "",
   "salesPrice": 1299.0,
   "pricePerUnit": 1443.0,
   "unitOfMeasure": "ltr.",
   "icons": [
    "NordicEcolabel"
   ],
   "hazardLabels": [],
   "imageUrl": "https://cdne-image-prod-samkaup.azureedge.net/images-pim/30106871/30106871.png",
   "offer": null,
   "bonus": null,
   "breadcrumbs": [
    {
     "name": "Vörur",
     "url": "/voerur/",
     "categoryId": null,
     "categoryImageUrl": "https://cdne-image-prod-samkaup.azureedge.net/images-cms/media/0btnugbh/fruits-and-vegetables-768x512.jpg",
     "level": 0
    },
    {
     "name": "Heimilisvörur",
     "url": "/voerur/heimilisvoerur/",
     "categoryId": "61aa173cdfbb03c07550ae16",
     "categoryImageUrl": "https://cdne-image-prod-samkaup.azureedge.net/images-cms/media/r02bbbqt/heimilisvoerur-1000-500-px.png",
     "level": 1
    },
    {
     "name": "Hreinlætisvörur",
     "url": "/voerur/heimilisvoerur/hreinlaetisvoerur/",
     "categoryId": "61afa983bffe2443147fb138",
     "categoryImageUrl": "https://cdne-image-prod-samkaup.azureedge.net/images-cms/media/e1nfe2ng/hreinlaetisvoerur-1000-500-px.png",
     "level": 2
    },
    {
     "name": "Fyrir þvottavélina og þurrkarann",
     "url": "/voerur/heimilisvoerur/hreinlaetisvoerur/fyrir-thvottavelina-og-thurrkarann/",
     "categoryId": "61afa9c0dfbb03c0755103a4",
     "categoryImageUrl": "https://cdne-image-prod-samkaup.azureedge.net/images-cms/media/bgbf4a3r/empty-top-100.png",
     "level": 3
    }
   ],
   "url": "/voerur/heimilisvoerur/hreinlaetisvoerur/fyrir-thvottavelina-og-thurrkarann/thvottaefni-color-fljotandi-p-30106871",
   "availableInStock": 12,
   "alwaysInStock": false
  },
  {
   "sku": "30140327",
   "displayName": "Þvottakoddar Color",
   "brand": "Ariel",
   "weight": "",
   "country": "FR",
   "productTeaser": "15 stk.",
   "salesPrice": 999.0,
   "pricePerUnit": null,
   "unitOfMeasure": null,
   "icons": [],
   "hazardLabels": [],
   "imageUrl": "https://cdne-image-prod-samkaup.azureedge.net/images-pim/30140327/30140327.png",
   "offer": null,
   "bonus": null,
   "breadcrumbs": [
    {
     "name": "Vörur",
     "url": "/voerur/",
     "categoryId": null,
     "categoryImageUrl": "https://cdne-image-prod-samkaup.azureedge.net/images-cms/media/0btnugbh/fruits-and-vegetables-768x512.jpg",
     "level": 0
    },
    {
     "name": "Heimilisvörur",
     "url": "/voerur/heimilisvoerur/",
     "categoryId": "61aa173cdfbb03c07550ae16",
     "categoryImageUrl": "https://cdne-image-prod-samkaup.azureedge.net/images-cms/media/r02bbbqt/heimilisvoerur-1000-500-px.png",
     "level": 1
    },
    {
     "name": "Hreinlætisvörur",
     "url": "/voerur/heimilisvoerur/hreinlaetisvoerur/",
     "categoryId": "61afa983bffe2443147fb138",
     "categoryImageUrl": "https://cdne-image-prod-samkaup.azureedge.net/images-cms/media/e1nfe2ng/hreinlaetisvoerur-1000-500-px.png",
     "level": 2
    },
    {
     "name": "Fyrir þvottavélina og þurrkarann",
     "url": "/voerur/heimilisvoerur/hreinlaetisvoerur/fyrir-thvottavelina-og-thurrkarann/",
     "categoryId": "61afa9c0dfbb03c0755103a4",
     "categoryImageUrl": "https://cdne-image-prod-samkaup.azureedge.net/images-cms/media/bgbf4a3r/empty-top-100.png",
     "level": 3
    }
   ],
   "url": "/voerur/heimilisvoerur/hreinlaetisvoerur/fyrir-thvottavelina-og-thurrkarann/thvottakoddar-color-p-30140327",
   "availableInStock": 6,
   "alwaysInStock": false
  },
  {
   "sku": "30050560",
   "displayName": "Bað Sprey",
   "brand": "Cif",
   "weight": "700 ml.",
   "country": "GB",
   "productTeaser": "Cif Bathroom Spray 700ml",
   "salesPrice": 389.0,
   "pricePerUnit": 556.0,
   "unitOfMeasure": "ltr.",
   "icons": [],
   "hazardLabels": [],
   "imageUrl": "https://cdne-image-prod-samkaup.azureedge.net/images-pim/30050560/30050560.jpg",
   "offer": null,
   "bonus": null,
   "breadcrumbs": [
    {
     "name": "Vörur",
     "url": "/voerur/",
     "categoryId": null,
     "categoryImageUrl": "https://cdne-image-prod-samkaup.azureedge.net/images-cms/media/0btnugbh/fruits-and-vegetables-768x512.jpg",
     "level": 0
    },
    {
     "name": "Heimilisvörur",
     "url": "/voerur/heimilisvoerur/",
     "categoryId": "61aa173cdfbb03c07550ae16",
     "categoryImageUrl": "https://cdne-image-prod-samkaup.azureedge.net/images-cms/media/r02bbbqt/heimilisvoerur-1000-500-px.png",
     "level": 1
    },
    {
     "name": "Hreinlætisvörur",
     "url": "/voerur/heimilisvoerur/hreinlaetisvoerur/",
     "categoryId": "61afa983bffe2443147fb138",
     "categoryImageUrl": "https://cdne-image-prod-samkaup.azureedge.net/images-cms/media/e1nfe2ng/hreinlaetisvoerur-1000-500-px.png",
     "level": 2
    },
    {
     "name": "Fyrir baðherbergið",
     "url": "/voerur/heimilisvoerur/hreinlaetisvoerur/fyrir-badherbergid/",
     "categoryId": "61afa9d858952c9651e55a02",
     "categoryImageUrl": "https://cdne-image-prod-samkaup.azureedge.net/images-cms/media/bgbf4a3r/empty-top-100.png",
     "level": 3
    }
   ],
   "url": "/voerur/heimilisvoerur/hreinlaetisvoerur/fyrir-badherbergid/bad-sprey-p-30050560",
   "availableInStock": 2,
   "alwaysInStock": false
  },
  {
   "sku": "30186560",
   "displayName": "Baðhreinsisprey",
   "brand": "Anglamark",
   "weight": "750 ml.",
   "country": "DK",
   "productTeaser": "Án litar- og lyktarefna",
   "salesPrice": 699.0,
   "pricePerUnit": 932.0,
   "unitOfMeasure": "ltr.",
   "icons": [
    "Vegan",
    "NordicEcolabel"
   ],
   "hazardLabels": [],
   "imageUrl": "https://cdne-image-prod-samkaup.azureedge.net/images-pim/30186560/30186560.png",
   "offer": null,
   "bonus": null,
   "breadcrumbs": [
    {
     "name": "Vörur",
     "url": "/voerur/",
     "categoryId": null,
     "categoryImageUrl": "https://cdne-image-prod-samkaup.azureedge.net/images-cms/media/0btnugbh/fruits-and-vegetables-768x512.jpg",
     "level": 0
    },
    {
     "name": "Heimilisvörur",
     "url": "/voerur/heimilisvoerur/",
     "categoryId": "61aa173cdfbb03c07550ae16",
     "categoryImageUrl": "https://cdne-image-prod-samkaup.azureedge.net/images-cms/media/r02bbbqt/heimilisvoerur-1000-500-px.png",
     "level": 1
    },
    {
     "name": "Hreinlætisvörur",
     "url": "/voerur/heimilisvoerur/hreinlaetisvoerur/",
     "categoryId": "61afa983bffe2443147fb138",
     "categoryImageUrl": "https://cdne-image-prod-samkaup.azureedge.net/images-cms/media/e1nfe2ng/hreinlaetisvoerur-1000-500-px.png",
     "level": 2
    },
    {
     "name": "Fyrir baðherbergið",
     "url": "/voerur/heimilisvoerur/hreinlaetisvoerur/fyrir-badherbergid/",
     "categoryId": "61afa9d858952c9651e55a02",
     "categoryImageUrl": "https://cdne-image-prod-samkaup.azureedge.net/images-cms/media/bgbf4a3r/empty-top-100.png",
     "level": 3
    }
   ],
   "url": "/voerur/heimilisvoerur/hreinlaetisvoerur/fyrir-badherbergid/badhreinsisprey-p-30186560",
   "availableInStock": 11,
   "alwaysInStock": false
  },
  {
   "sku": "30057596",
   "displayName": "Bleika Slaufan",
   "brand": "Krabbameinsfélagið",
   "weight": "",
   "country": "",
   "productTeaser": "",
   "salesPrice": 2929.0,
   "pricePerUnit": null,
   "unitOfMeasure": null,
   "icons": [
    "Icelandic"
   ],
   "hazardLabels": [],
   "imageUrl": "https://cdne-image-prod-samkaup.azureedge.net/images-pim/30057596/bls-22006-slaufan-fyrir-vefverslanir_hvitur-grunnur.png",
   "offer": null,
   "bonus": null,
   "breadcrumbs": [
    {
     "name": "Vörur",
     "url": "/voerur/",
     "categoryId": null,
     "categoryImageUrl": "https://cdne-image-prod-samkaup.azureedge.net/images-cms/media/0btnugbh/fruits-and-vegetables-768x512.jpg",
     "level": 0
    },
    {
     "name": "Heimilisvörur",
     "url": "/voerur/heimilisvoerur/",
     "categoryId": "61aa173cdfbb03c07550ae16",
     "categoryImageUrl": "https://cdne-image-prod-samkaup.azureedge.net/images-cms/media/r02bbbqt/heimilisvoerur-1000-500-px.png",
     "level": 1
    }
   ],
   "url": "/voerur/heimilisvoerur/bleika-slaufan-p-30057596",
   "availableInStock": 0,
   "alwaysInStock": true
  },
  {
   "sku": "30201427",
   "displayName": "Einnota Vitrile Hanskar",
   "brand": "Strongwear",
   "weight": "",
   "country": "",
   "productTeaser": "Large. 100 stk.",
   "salesPrice": 2529.0,
   "pricePerUnit": null,
   "unitOfMeasure": null,
   "icons": [],
   "hazardLabels": [],
   "imageUrl": "https://cdne-image-prod-samkaup.azureedge.net/images-pim/30201427/30201427.jpg",
   "offer": null,
   "bonus": null,
   "breadcrumbs": [
    {
     "name": "Vörur",
     "url": "/voerur/",
     "categoryId": null,
     "categoryImageUrl": "https://cdne-image-prod-samkaup.azureedge.net/images-cms/media/0btnugbh/fruits-and-vegetables-768x512.jpg",
     "level": 0
    },
    {
     "name": "Heimilisvörur",
     "url": "/voerur/heimilisvoerur/",
     "categoryId": "61aa173cdfbb03c07550ae16",
     "categoryImageUrl": "https://cdne-image-prod-samkaup.azureedge.net/images-cms/media/r02bbbqt/heimilisvoerur-1000-500-px.png",
     "level": 1
    },
    {
     "name": "Hreinlætisáhöld",
     "url": "/voerur/heimilisvoerur/hreinlaetisahoeld/",
     "categoryId": "61afa989dfbb03c07551039b",
     "categoryImageUrl": "https://cdne-image-prod-samkaup.azureedge.net/images-cms/media/tfqfbcht/hreinlaetisáhoeld-1000-500-px.png",
     "level": 2
    },
    {
     "name": "Hanskar",
     "url": "/voerur/heimilisvoerur/hreinlaetisahoeld/hanskar/",
     "categoryId": "624c21bdae8a756a4482eb7e",
     "categoryImageUrl": "https://cdne-image-prod-samkaup.azureedge.net/images-cms/media/bgbf4a3r/empty-top-100.png",
     "level": 3
    }
   ],
   "url": "/voerur/heimilisvoerur/hreinlaetisahoeld/hanskar/einnota-vitrile-hanskar-p-30201427",
   "availableInStock": 8,
   "alwaysInStock": false
  },
  {
   "sku": "295373701",
   "displayName": "Hreinsilögur",
   "brand": "Ajax",
   "weight": "1250 ml.",
   "country": "FR",
   "productTeaser": "Ajax Hreing.l.lem1250ml",
   "salesPrice": 819.0,
   "pricePerUnit": 655.0,
   "unitOfMeasure": "ltr.",
   "icons": [],
   "hazardLabels": [],
   "imageUrl": "https://cdne-image-prod-samkaup.azureedge.net/images-pim/295373701/295373701.png",
   "offer": null,
   "bonus": null,
   "breadcrumbs": [
    {
     "name": "Vörur",
     "url": "/voerur/",
     "categoryId": null,
     "categoryImageUrl": "https://cdne-image-prod-samkaup.azureedge.net/images-cms/media/0btnugbh/fruits-and-vegetables-768x512.jpg",
     "level": 0
    },
    {
     "name": "Heimilisvörur",
     "url": "/voerur/heimilisvoerur/",
     "categoryId": "61aa173cdfbb03c07550ae16",
     "categoryImageUrl": "https://cdne-image-prod-samkaup.azureedge.net/images-cms/media/r02bbbqt/heimilisvoerur-1000-500-px.png",
     "level": 1
    },
    {
     "name": "Hreinlætisvörur",
     "url": "/voerur/heimilisvoerur/hreinlaetisvoerur/",
     "categoryId": "61afa983bffe2443147fb138",
     "categoryImageUrl": "https://cdne-image-prod-samkaup.azureedge.net/images-cms/media/e1nfe2ng/hreinlaetisvoerur-1000-500-px.png",
     "level": 2
    },
    {
     "name": "Hreinsiefni",
     "url": "/voerur/heimilisvoerur/hreinlaetisvoerur/hreinsiefni/",
     "categoryId": "61afa9ecbffe2443147fb13e",
     "categoryImageUrl": "https://cdne-image-prod-samkaup.azureedge.net/images-cms/media/bgbf4a3r/empty-top-100.png",
     "level": 3
    }
   ],
   "url": "/voerur/heimilisvoerur/hreinlaetisvoerur/hreinsiefni/hreinsilogur-p-295373701",
   "availableInStock": 7,
   "alwaysInStock": false
  },
  {
   "sku": "30150324",
   "displayName": "Rodalon Sport",
   "brand": "Rodalon",
   "weight": "1 ltr.",
   "country": "DK",
   "productTeaser": "",
   "salesPrice": 1059.0,
   "pricePerUnit": 1059.0,
   "unitOfMeasure": "ltr.",
   "icons": [],
   "hazardLabels": [],
   "imageUrl": "https://cdne-image-prod-samkaup.azureedge.net/images-pim/30150324/30150324.jpeg",
   "offer": null,
   "bonus": null,
   "breadcrumbs": [
    {
     "name": "Vörur",
     "url": "/voerur/",
     "categoryId": null,
     "categoryImageUrl": "https://cdne-image-prod-samkaup.azureedge.net/images-cms/media/0btnugbh/fruits-and-vegetables-768x512.jpg",
     "level": 0
    },
    {
     "name": "Heimilisvörur",
     "url": "/voerur/heimilisvoerur/",
     "categoryId": "61aa173cdfbb03c07550ae16",
     "categoryImageUrl": "https://cdne-image-prod-samkaup.azureedge.net/images-cms/media/r02bbbqt/heimilisvoerur-1000-500-px.png",
     "level": 1
    },
    {
     "name": "Hreinlætisvörur",
     "url": "/voerur/heimilisvoerur/hreinlaetisvoerur/",
     "categoryId": "61afa983bffe2443147fb138",
     "categoryImageUrl": "https://cdne-image-prod-samkaup.azureedge.net/images-cms/media/e1nfe2ng/hreinlaetisvoerur-1000-500-px.png",
     "level": 2
    },
    {
     "name": "Fyrir þvottavélina og þurrkarann",
     "url": "/voerur/heimilisvoerur/hreinlaetisvoerur/fyrir-thvottavelina-og-thurrkarann/",
     "categoryId": "61afa9c0dfbb03c0755103a4",
     "categoryImageUrl": "https://cdne-image-prod-samkaup.azureedge.net/images-cms/media/bgbf4a3r/empty-top-100.png",
     "level": 3
    }
   ],
   "url": "/voerur/heimilisvoerur/hreinlaetisvoerur/fyrir-thvottavelina-og-thurrkarann/rodalon-sport-p-30150324",
   "availableInStock": 9,
   "alwaysInStock": false
  },
  {
   "sku": "30209342",
   "displayName": "Uppþvottalögur Max Power",
   "brand": "Fairy",
   "weight": "660 ml.",
   "country": "CZ",
   "productTeaser": "Antibacterial",
   "salesPrice": 519.0,
   "pricePerUnit": 786.0,
   "unitOfMeasure": "ltr.",
   "icons": [],
   "hazardLabels": [],
   "imageUrl": "https://cdne-image-prod-samkaup.azureedge.net/images-pim/30209342/30209342.png",
   "offer": null,
   "bonus": null,
   "breadcrumbs": [
    {
     "name": "Vörur",
     "url": "/voerur/",
     "categoryId": null,
     "categoryImageUrl": "https://cdne-image-prod-samkaup.azureedge.net/images-cms/media/0btnugbh/fruits-and-vegetables-768x512.jpg",
     "level": 0
    },
    {
     "name": "Heimilisvörur",
     "url": "/voerur/heimilisvoerur/",
     "categoryId": "61aa173cdfbb03c07550ae16",
     "categoryImageUrl": "https://cdne-image-prod-samkaup.azureedge.net/images-cms/media/r02bbbqt/heimilisvoerur-1000-500-px.png",
     "level": 1
    },
    {
     "name": "Hreinlætisvörur",
     "url": "/voerur/heimilisvoerur/hreinlaetisvoerur/",
     "categoryId": "61afa983bffe2443147fb138",
     "categoryImageUrl": "https://cdne-image-prod-samkaup.azureedge.net/images-cms/media/e1nfe2ng/hreinlaetisvoerur-1000-500-px.png",
     "level": 2
    },
    {
     "name": "Fyrir eldhúsið",
     "url": "/voerur/heimilisvoerur/hreinlaetisvoerur/fyrir-eldhusid/",
     "categoryId": "61afa9d5c665e1cda6403bdb",
     "categoryImageUrl": "https://cdne-image-prod-samkaup.azureedge.net/images-cms/media/bgbf4a3r/empty-top-100.png",
     "level": 3
    }
   ],
   "url": "/voerur/heimilisvoerur/hreinlaetisvoerur/fyrir-eldhusid/uppthvottalogur-max-power-p-30209342",
   "availableInStock": 2,
   "alwaysInStock": false
  },
  {
   "sku": "30034522",
   "displayName": "WC Hreinsigel",
   "brand": "Klorin",
   "weight": "750 ml.",
   "country": "FR",
   "productTeaser": "",
   "salesPrice": 789.0,
   "pricePerUnit": 1052.0,
   "unitOfMeasure": "ltr.",
   "icons": [],
   "hazardLabels": [],
   "imageUrl": "https://cdne-image-prod-samkaup.azureedge.net/images-pim/30034522/30034522.jpg",
   "offer": null,
   "bonus": null,
   "breadcrumbs": [
    {
     "name": "Vörur",
     "url": "/voerur/",
     "categoryId": null,
     "categoryImageUrl": "https://cdne-image-prod-samkaup.azureedge.net/images-cms/media/0btnugbh/fruits-and-vegetables-768x512.jpg",
     "level": 0
    },
    {
     "name": "Heimilisvörur",
     "url": "/voerur/heimilisvoerur/",
     "categoryId": "61aa173cdfbb03c07550ae16",
     "categoryImageUrl": "https://cdne-image-prod-samkaup.azureedge.net/images-cms/media/r02bbbqt/heimilisvoerur-1000-500-px.png",
     "level": 1
    },
    {
     "name": "Hreinlætisvörur",
     "url": "/voerur/heimilisvoerur/hreinlaetisvoerur/",
     "categoryId": "61afa983bffe2443147fb138",
     "categoryImageUrl": "https://cdne-image-prod-samkaup.azureedge.net/images-cms/media/e1nfe2ng/hreinlaetisvoerur-1000-500-px.png",
     "level": 2
    },
    {
     "name": "Fyrir baðherbergið",
     "url": "/voerur/heimilisvoerur/hreinlaetisvoerur/fyrir-badherbergid/",
     "categoryId": "61afa9d858952c9651e55a02",
     "categoryImageUrl": "https://cdne-image-prod-samkaup.azureedge.net/images-cms/media/bgbf4a3r/empty-top-100.png",
     "level": 3
    }
   ],
   "url": "/voerur/heimilisvoerur/hreinlaetisvoerur/fyrir-badherbergid/wc-hreinsigel-p-30034522",
   "availableInStock": 12,
   "alwaysInStock": false
  },
  {
   "sku": "30186556",
   "displayName": "Þvottaefni Fljótandi",
   "brand": "Anglamark",
   "weight": "900 ml.",
   "country": "DK",
   "productTeaser": "Svartur þvottur.",
   "salesPrice": 1299.0,
   "pricePerUnit": 1443.0,
   "unitOfMeasure": "ltr.",
   "icons": [
    "NordicEcolabel"
   ],
   "hazardLabels": [],
   "imageUrl": "https://cdne-image-prod-samkaup.azureedge.net/images-pim/30186556/30186556.png",
   "offer": null,
   "bonus": null,
   "breadcrumbs": [
    {
     "name": "Vörur",
     "url": "/voerur/",
     "categoryId": null,
     "categoryImageUrl": "https://cdne-image-prod-samkaup.azureedge.net/images-cms/media/0btnugbh/fruits-and-vegetables-768x512.jpg",
     "level": 0
    },
    {
     "name": "Heimilisvörur",
     "url": "/voerur/heimilisvoerur/",
     "categoryId": "61aa173cdfbb03c07550ae16",
     "categoryImageUrl": "https://cdne-image-prod-samkaup.azureedge.net/images-cms/media/r02bbbqt/heimilisvoerur-1000-500-px.png",
     "level": 1
    },
    {
     "name": "Hreinlætisvörur",
     "url": "/voerur/heimilisvoerur/hreinlaetisvoerur/",
     "categoryId": "61afa983bffe2443147fb138",
     "categoryImageUrl": "https://cdne-image-prod-samkaup.azureedge.net/images-cms/media/e1nfe2ng/hreinlaetisvoerur-1000-500-px.png",
     "level": 2
    },
    {
     "name": "Fyrir þvottavélina og þurrkarann",
     "url": "/voerur/heimilisvoerur/hreinlaetisvoerur/fyrir-thvottavelina-og-thurrkarann/",
     "categoryId": "61afa9c0dfbb03c0755103a4",
     "categoryImageUrl": "https://cdne-image-prod-samkaup.azureedge.net/images-cms/media/bgbf4a3r/empty-top-100.png",
     "level": 3
    }
   ],
   "url": "/voerur/heimilisvoerur/hreinlaetisvoerur/fyrir-thvottavelina-og-thurrkarann/thvottaefni-fljotandi-p-30186556",
   "availableInStock": 9,
   "alwaysInStock": false
  },
  {
   "sku": "30203930",
   "displayName": "9V Plus",
   "brand": "Duracell",
   "weight": "",
   "country": "",
   "productTeaser": "1 stk.",
   "salesPrice": 439.0,
   "pricePerUnit": null,
   "unitOfMeasure": null,
   "icons": [],
   "hazardLabels": [],
   "imageUrl": "https://cdne-image-prod-samkaup.azureedge.net/images-pim/30203930/30203930.png",
   "offer": null,
   "bonus": null,
   "breadcrumbs": [
    {
     "name": "Vörur",
     "url": "/voerur/",
     "categoryId": null,
     "categoryImageUrl": "https://cdne-image-prod-samkaup.azureedge.net/images-cms/media/0btnugbh/fruits-and-vegetables-768x512.jpg",
     "level": 0
    },
    {
     "name": "Heimilisvörur",
     "url": "/voerur/heimilisvoerur/",
     "categoryId": "61aa173cdfbb03c07550ae16",
     "categoryImageUrl": "https://cdne-image-prod-samkaup.azureedge.net/images-cms/media/r02bbbqt/heimilisvoerur-1000-500-px.png",
     "level": 1
    },
    {
     "name": "Rafhlöður",
     "url": "/voerur/heimilisvoerur/rafhloedur/",
     "categoryId": "61afa995dfbb03c07551039c",
     "categoryImageUrl": "https://cdne-image-prod-samkaup.azureedge.net/images-cms/media/qfvmi00p/rafhloeður-1000-500-px.png",
     "level": 2
    },
    {
     "name": "9V",
     "url": "/voerur/heimilisvoerur/rafhloedur/9v/",
     "categoryId": "624c235dae8a756a4482eb92",
     "categoryImageUrl": "https://cdne-image-prod-samkaup.azureedge.net/images-cms/media/bgbf4a3r/empty-top-100.png",
     "level": 3
    }
   ],
   "url": "/voerur/heimilisvoerur/rafhloedur/9v/9v-plus-p-30203930",
   "availableInStock": 0,
   "alwaysInStock": true
  },
  {
   "sku": "30197778",
   "displayName": "Air Freshener",
   "brand": "Charm",
   "weight": "240 gr.",
   "country": "GB",
   "productTeaser": "Lily and White",
   "salesPrice": 339.0,
   "pricePerUnit": 1413.0,
   "unitOfMeasure": "kg.",
   "icons": [],
   "hazardLabels": [],
   "imageUrl": "https://cdne-image-prod-samkaup.azureedge.net/images-pim/30197778/30197778.jpg",
   "offer": null,
   "bonus": null,
   "breadcrumbs": [
    {
     "name": "Vörur",
     "url": "/voerur/",
     "categoryId": null,
     "categoryImageUrl": "https://cdne-image-prod-samkaup.azureedge.net/images-cms/media/0btnugbh/fruits-and-vegetables-768x512.jpg",
     "level": 0
    },
    {
     "name": "Heimilisvörur",
     "url": "/voerur/heimilisvoerur/",
     "categoryId": "61aa173cdfbb03c07550ae16",
     "categoryImageUrl": "https://cdne-image-prod-samkaup.azureedge.net/images-cms/media/r02bbbqt/heimilisvoerur-1000-500-px.png",
     "level": 1
    },
    {
     "name": "Hreinlætisvörur",
     "url": "/voerur/heimilisvoerur/hreinlaetisvoerur/",
     "categoryId": "61afa983bffe2443147fb138",
     "categoryImageUrl": "https://cdne-image-prod-samkaup.azureedge.net/images-cms/media/e1nfe2ng/hreinlaetisvoerur-1000-500-px.png",
     "level": 2
    },
    {
     "name": "Ilmur og lykt",
     "url": "/voerur/heimilisvoerur/hreinlaetisvoerur/ilmur-og-lykt/",
     "categoryId": "61afa9f9bffe2443147fb13f",
     "categoryImageUrl": "https://cdne-image-prod-samkaup.azureedge.net/images-cms/media/bgbf4a3r/empty-top-100.png",
     "level": 3
    }
   ],
   "url": "/voerur/heimilisvoerur/hreinlaetisvoerur/ilmur-og-lykt/air-freshener-p-30197778",
   "availableInStock": 10,
   "alwaysInStock": false
  },
  {
   "sku": "30201247",
   "displayName": "Bleach Spray",
   "brand": "Domestos",
   "weight": "450 ml.",
   "country": "GB",
   "productTeaser": "",
   "salesPrice": 419.0,
   "pricePerUnit": 931.0,
   "unitOfMeasure": "ltr.",
   "icons": [],
   "hazardLabels": [],
   "imageUrl": "https://cdne-image-prod-samkaup.azureedge.net/images-pim/30201247/30201247.jpg",
   "offer": null,
   "bonus": null,
   "breadcrumbs": [
    {
     "name": "Vörur",
     "url": "/voerur/",
     "categoryId": null,
     "categoryImageUrl": "https://cdne-image-prod-samkaup.azureedge.net/images-cms/media/0btnugbh/fruits-and-vegetables-768x512.jpg",
     "level": 0
    },
    {
     "name": "Heimilisvörur",
     "url": "/voerur/heimilisvoerur/",
     "categoryId": "61aa173cdfbb03c07550ae16",
     "categoryImageUrl": "https://cdne-image-prod-samkaup.azureedge.net/images-cms/media/r02bbbqt/heimilisvoerur-1000-500-px.png",
     "level": 1
    },
    {
     "name": "Hreinlætisvörur",
     "url": "/voerur/heimilisvoerur/hreinlaetisvoerur/",
     "categoryId": "61afa983bffe2443147fb138",
     "categoryImageUrl": "https://cdne-image-prod-samkaup.azureedge.net/images-cms/media/e1nfe2ng/hreinlaetisvoerur-1000-500-px.png",
     "level": 2
    },
    {
     "name": "Hreinsiefni",
     "url": "/voerur/heimilisvoerur/hreinlaetisvoerur/hreinsiefni/",
     "categoryId": "61afa9ecbffe2443147fb13e",
     "categoryImageUrl": "https://cdne-image-prod-samkaup.azureedge.net/images-cms/media/bgbf4a3r/empty-top-100.png",
     "level": 3
    }
   ],
   "url": "/voerur/heimilisvoerur/hreinlaetisvoerur/hreinsiefni/bleach-spray-p-30201247",
   "availableInStock": 6,
   "alwaysInStock": false
  },
  {
   "sku": "30138277",
   "displayName": "Fljótandi Þvottaefni",
   "brand": "Ariel",
   "weight": "1330 ml.",
   "country": "NL",
   "productTeaser": "38 Þvottar",
   "salesPrice": 1699.0,
   "pricePerUnit": 1277.0,
   "unitOfMeasure": "ltr.",
   "icons": [],
   "hazardLabels": [],
   "imageUrl": "https://cdne-image-prod-samkaup.azureedge.net/images-pim/30138277/30138277.png",
   "offer": null,
   "bonus": null,
   "breadcrumbs": [
    {
     "name": "Vörur",
     "url": "/voerur/",
     "categoryId": null,
     "categoryImageUrl": "https://cdne-image-prod-samkaup.azureedge.net/images-cms/media/0btnugbh/fruits-and-vegetables-768x512.jpg",
     "level": 0
    },
    {
     "name": "Heimilisvörur",
     "url": "/voerur/heimilisvoerur/",
     "categoryId": "61aa173cdfbb03c07550ae16",
     "categoryImageUrl": "https://cdne-image-prod-samkaup.azureedge.net/images-cms/media/r02bbbqt/heimilisvoerur-1000-500-px.png",
     "level": 1
    },
    {
     "name": "Hreinlætisvörur",
     "url": "/voerur/heimilisvoerur/hreinlaetisvoerur/",
     "categoryId": "61afa983bffe2443147fb138",
     "categoryImageUrl": "https://cdne-image-prod-samkaup.azureedge.net/images-cms/media/e1nfe2ng/hreinlaetisvoerur-1000-500-px.png",
     "level": 2
    },
    {
     "name": "Fyrir þvottavélina og þurrkarann",
     "url": "/voerur/heimilisvoerur/hreinlaetisvoerur/fyrir-thvottavelina-og-thurrkarann/",
     "categoryId": "61afa9c0dfbb03c0755103a4",
     "categoryImageUrl": "https://cdne-image-prod-samkaup.azureedge.net/images-cms/media/bgbf4a3r/empty-top-100.png",
     "level": 3
    }
   ],
   "url": "/voerur/heimilisvoerur/hreinlaetisvoerur/fyrir-thvottavelina-og-thurrkarann/fljotandi-thvottaefni-p-30138277",
   "availableInStock": 6,
   "alwaysInStock": false
  },
  {
   "sku": "30196495",
   "displayName": "Mýkingarefni Ruby Jasmine",
   "brand": "Lenor",
   "weight": "1050 ml.",
   "country": "GB",
   "productTeaser": "30 þvottar.",
   "salesPrice": 619.0,
   "pricePerUnit": 590.0,
   "unitOfMeasure": "ltr.",
   "icons": [],
   "hazardLabels": [],
   "imageUrl": "https://cdne-image-prod-samkaup.azureedge.net/images-pim/30196495/30196495.jpg",
   "offer": null,
   "bonus": null,
   "breadcrumbs": [
    {
     "name": "Vörur",
     "url": "/voerur/",
     "categoryId": null,
     "categoryImageUrl": "https://cdne-image-prod-samkaup.azureedge.net/images-cms/media/0btnugbh/fruits-and-vegetables-768x512.jpg",
     "level": 0
    },
    {
     "name": "Heimilisvörur",
     "url": "/voerur/heimilisvoerur/",
     "categoryId": "61aa173cdfbb03c07550ae16",
     "categoryImageUrl": "https://cdne-image-prod-samkaup.azureedge.net/images-cms/media/r02bbbqt/heimilisvoerur-1000-500-px.png",
     "level": 1
    },
    {
     "name": "Hreinlætisvörur",
     "url": "/voerur/heimilisvoerur/hreinlaetisvoerur/",
     "categoryId": "61afa983bffe2443147fb138",
     "categoryImageUrl": "https://cdne-image-prod-samkaup.azureedge.net/images-cms/media/e1nfe2ng/hreinlaetisvoerur-1000-500-px.png",
     "level": 2
    },
    {
     "name": "Fyrir þvottavélina og þurrkarann",
     "url": "/voerur/heimilisvoerur/hreinlaetisvoerur/fyrir-thvottavelina-og-thurrkarann/",
     "categoryId": "61afa9c0dfbb03c0755103a4",
     "categoryImageUrl": "https://cdne-image-prod-samkaup.azureedge.net/images-cms/media/bgbf4a3r/empty-top-100.png",
     "level": 3
    }
   ],
   "url": "/voerur/heimilisvoerur/hreinlaetisvoerur/fyrir-thvottavelina-og-thurrkarann/mykingarefni-ruby-jasmine-p-30196495",
   "availableInStock": 14,
   "alwaysInStock": false
  },
  {
   "sku": "30201917",
   "displayName": "Pink Stuff Sótthreinsilögur",
   "brand": "Stardrops",
   "weight": "750 ml.",
   "country": "GB",
   "productTeaser": "",
   "salesPrice": 339.0,
   "pricePerUnit": 452.0,
   "unitOfMeasure": "ltr.",
   "icons": [],
   "hazardLabels": [],
   "imageUrl": "https://cdne-image-prod-samkaup.azureedge.net/images-pim/30201917/30201917.jpg",
   "offer": null,
   "bonus": null,
   "breadcrumbs": [
    {
     "name": "Vörur",
     "url": "/voerur/",
     "categoryId": null,
     "categoryImageUrl": "https://cdne-image-prod-samkaup.azureedge.net/images-cms/media/0btnugbh/fruits-and-vegetables-768x512.jpg",
     "level": 0
    },
    {
     "name": "Heimilisvörur",
     "url": "/voerur/heimilisvoerur/",
     "categoryId": "61aa173cdfbb03c07550ae16",
     "categoryImageUrl": "https://cdne-image-prod-samkaup.azureedge.net/images-cms/media/r02bbbqt/heimilisvoerur-1000-500-px.png",
     "level": 1
    },
    {
     "name": "Hreinlætisvörur",
     "url": "/voerur/heimilisvoerur/hreinlaetisvoerur/",
     "categoryId": "61afa983bffe2443147fb138",
     "categoryImageUrl": "https://cdne-image-prod-samkaup.azureedge.net/images-cms/media/e1nfe2ng/hreinlaetisvoerur-1000-500-px.png",
     "level": 2
    },
    {
     "name": "Hreinsiefni",
     "url": "/voerur/heimilisvoerur/hreinlaetisvoerur/hreinsiefni/",
     "categoryId": "61afa9ecbffe2443147fb13e",
     "categoryImageUrl": "https://cdne-image-prod-samkaup.azureedge.net/images-cms/media/bgbf4a3r/empty-top-100.png",
     "level": 3
    }
   ],
   "url": "/voerur/heimilisvoerur/hreinlaetisvoerur/hreinsiefni/pink-stuff-sotthreinsilogur-p-30201917",
   "availableInStock": 28,
   "alwaysInStock": false
  },
  {
   "sku": "V01503016",
   "displayName": "Ræstikrem",
   "brand": "Cif",
   "weight": "500 ml.",
   "country": "GB",
   "productTeaser": "Lemon",
   "salesPrice": 339.0,
   "pricePerUnit": 678.0,
   "unitOfMeasure": "ltr.",
   "icons": [],
   "hazardLabels": [],
   "imageUrl": "https://cdne-image-prod-samkaup.azureedge.net/images-pim/V01503016/V01503016.jpg",
   "offer": null,
   "bonus": null,
   "breadcrumbs": [
    {
     "name": "Vörur",
     "url": "/voerur/",
     "categoryId": null,
     "categoryImageUrl": "https://cdne-image-prod-samkaup.azureedge.net/images-cms/media/0btnugbh/fruits-and-vegetables-768x512.jpg",
     "level": 0
    },
    {
     "name": "Heimilisvörur",
     "url": "/voerur/heimilisvoerur/",
     "categoryId": "61aa173cdfbb03c07550ae16",
     "categoryImageUrl": "https://cdne-image-prod-samkaup.azureedge.net/images-cms/media/r02bbbqt/heimilisvoerur-1000-500-px.png",
     "level": 1
    },
    {
     "name": "Hreinlætisvörur",
     "url": "/voerur/heimilisvoerur/hreinlaetisvoerur/",
     "categoryId": "61afa983bffe2443147fb138",
     "categoryImageUrl": "https://cdne-image-prod-samkaup.azureedge.net/images-cms/media/e1nfe2ng/hreinlaetisvoerur-1000-500-px.png",
     "level": 2
    },
    {
     "name": "Hreinsiefni",
     "url": "/voerur/heimilisvoerur/hreinlaetisvoerur/hreinsiefni/",
     "categoryId": "61afa9ecbffe2443147fb13e",
     "categoryImageUrl": "https://cdne-image-prod-samkaup.azureedge.net/images-cms/media/bgbf4a3r/empty-top-100.png",
     "level": 3
    }
   ],
   "url": "/voerur/heimilisvoerur/hreinlaetisvoerur/hreinsiefni/raestikrem-p-v01503016",
   "availableInStock": 11,
   "alwaysInStock": false
  },
  {
   "sku": "30201518",
   "displayName": "WC Steinn",
   "brand": "Bloo",
   "weight": "540 gr.",
   "country": "RO",
   "productTeaser": "Power Active Lemon",
   "salesPrice": 319.0,
   "pricePerUnit": 591.0,
   "unitOfMeasure": "kg.",
   "icons": [],
   "hazardLabels": [],
   "imageUrl": "https://cdne-image-prod-samkaup.azureedge.net/images-pim/30201518/30201518.jpg",
   "offer": null,
   "bonus": null,
   "breadcrumbs": [
    {
     "name": "Vörur",
     "url": "/voerur/",
     "categoryId": null,
     "categoryImageUrl": "https://cdne-image-prod-samkaup.azureedge.net/images-cms/media/0btnugbh/fruits-and-vegetables-768x512.jpg",
     "level": 0
    },
    {
     "name": "Heimilisvörur",
     "url": "/voerur/heimilisvoerur/",
     "categoryId": "61aa173cdfbb03c07550ae16",
     "categoryImageUrl": "https://cdne-image-prod-samkaup.azureedge.net/images-cms/media/r02bbbqt/heimilisvoerur-1000-500-px.png",
     "level": 1
    },
    {
     "name": "Hreinlætisvörur",
     "url": "/voerur/heimilisvoerur/hreinlaetisvoerur/",
     "categoryId": "61afa983bffe2443147fb138",
     "categoryImageUrl": "https://cdne-image-prod-samkaup.azureedge.net/images-cms/media/e1nfe2ng/hreinlaetisvoerur-1000-500-px.png",
     "level": 2
    },
    {
     "name": "Fyrir baðherbergið",
     "url": "/voerur/heimilisvoerur/hreinlaetisvoerur/fyrir-badherbergid/",
     "categoryId": "61afa9d858952c9651e55a02",
     "categoryImageUrl": "https://cdne-image-prod-samkaup.azureedge.net/images-cms/media/bgbf4a3r/empty-top-100.png",
     "level": 3
    }
   ],
   "url": "/voerur/heimilisvoerur/hreinlaetisvoerur/fyrir-badherbergid/wc-steinn-p-30201518",
   "availableInStock": 7,
   "alwaysInStock": false
  },
  {
   "sku": "30209361",
   "displayName": "Álpappír",
   "brand": "Iceland",
   "weight": "",
   "country": "GB",
   "productTeaser": "20 metrar",
   "salesPrice": 619.0,
   "pricePerUnit": null,
   "unitOfMeasure": null,
   "icons": [],
   "hazardLabels": [],
   "imageUrl": "https://cdne-image-prod-samkaup.azureedge.net/images-pim/30209361/30209361.png",
   "offer": null,
   "bonus": null,
   "breadcrumbs": [
    {
     "name": "Vörur",
     "url": "/voerur/",
     "categoryId": null,
     "categoryImageUrl": "https://cdne-image-prod-samkaup.azureedge.net/images-cms/media/0btnugbh/fruits-and-vegetables-768x512.jpg",
     "level": 0
    },
    {
     "name": "Heimilisvörur",
     "url": "/voerur/heimilisvoerur/",
     "categoryId": "61aa173cdfbb03c07550ae16",
     "categoryImageUrl": "https://cdne-image-prod-samkaup.azureedge.net/images-cms/media/r02bbbqt/heimilisvoerur-1000-500-px.png",
     "level": 1
    },
    {
     "name": "Ál, plast og einnotavörur",
     "url": "/voerur/heimilisvoerur/al-plast-og-einnotavoerur/",
     "categoryId": "61afa99dbffe2443147fb139",
     "categoryImageUrl": "https://cdne-image-prod-samkaup.azureedge.net/images-cms/media/rhgjq5n5/álpappir-1000-500-px.png",
     "level": 2
    },
    {
     "name": "Álpappír",
     "url": "/voerur/heimilisvoerur/al-plast-og-einnotavoerur/alpappir/",
     "categoryId": "624c2389ae8a756a4482eb96",
     "categoryImageUrl": "https://cdne-image-prod-samkaup.azureedge.net/images-cms/media/bgbf4a3r/empty-top-100.png",
     "level": 3
    }
   ],
   "url": "/voerur/heimilisvoerur/al-plast-og-einnotavoerur/alpappir/alpappir-p-30209361",
   "availableInStock": 13,
   "alwaysInStock": false
  },
  {
   "sku": "30136765",
   "displayName": "Frystipokar 4 ltr.",
   "brand": "Xtra",
   "weight": "",
   "country": "DK",
   "productTeaser": "100 stk.",
   "salesPrice": 449.0,
   "pricePerUnit": null,
   "unitOfMeasure": null,
   "icons": [],
   "hazardLabels": [],
   "imageUrl": "https://cdne-image-prod-samkaup.azureedge.net/images-pim/30136765/30136765.jpg",
   "offer": null,
   "bonus": null,
   "breadcrumbs": [
    {
     "name": "Vörur",
     "url": "/voerur/",
     "categoryId": null,
     "categoryImageUrl": "https://cdne-image-prod-samkaup.azureedge.net/images-cms/media/0btnugbh/fruits-and-vegetables-768x512.jpg",
     "level": 0
    },
    {
     "name": "Heimilisvörur",
     "url": "/voerur/heimilisvoerur/",
     "categoryId": "61aa173cdfbb03c07550ae16",
     "categoryImageUrl": "https://cdne-image-prod-samkaup.azureedge.net/images-cms/media/r02bbbqt/heimilisvoerur-1000-500-px.png",
     "level": 1
    },
    {
     "name": "Pokar",
     "url": "/voerur/heimilisvoerur/pokar/",
     "categoryId": "61afa986c665e1cda6403bd4",
     "categoryImageUrl": "https://cdne-image-prod-samkaup.azureedge.net/images-cms/media/hxehog5s/pokar-1000-500-px.png",
     "level": 2
    },
    {
     "name": "Frystipokar",
     "url": "/voerur/heimilisvoerur/pokar/frystipokar/",
     "categoryId": "624c1ed7d70c9cb51042ca35",
     "categoryImageUrl": "https://cdne-image-prod-samkaup.azureedge.net/images-cms/media/bgbf4a3r/empty-top-100.png",
     "level": 3
    }
   ],
   "url": "/voerur/heimilisvoerur/pokar/frystipokar/frystipokar-4-ltr-p-30136765",
   "availableInStock": 19,
   "alwaysInStock": false
  },
  {
   "sku": "10020541",
   "displayName": "Ísmolapokar",
   "brand": "Coop",
   "weight": "",
   "country": "DK",
   "productTeaser": "20 stk.",
   "salesPrice": 399.0,
   "pricePerUnit": null,
   "unitOfMeasure": null,
   "icons": [],
   "hazardLabels": [],
   "imageUrl": "https://cdne-image-prod-samkaup.azureedge.net/images-pim/10020541/10020541.png",
   "offer": null,
   "bonus": null,
   "breadcrumbs": [
    {
     "name": "Vörur",
     "url": "/voerur/",
     "categoryId": null,
     "categoryImageUrl": "https://cdne-image-prod-samkaup.azureedge.net/images-cms/media/0btnugbh/fruits-and-vegetables-768x512.jpg",
     "level": 0
    },
    {
     "name": "Heimilisvörur",
     "url": "/voerur/heimilisvoerur/",
     "categoryId": "61aa173cdfbb03c07550ae16",
     "categoryImageUrl": "https://cdne-image-prod-samkaup.azureedge.net/images-cms/media/r02bbbqt/heimilisvoerur-1000-500-px.png",
     "level": 1
    },
    {
     "name": "Pokar",
     "url": "/voerur/heimilisvoerur/pokar/",
     "categoryId": "61afa986c665e1cda6403bd4",
     "categoryImageUrl": "https://cdne-image-prod-samkaup.azureedge.net/images-cms/media/hxehog5s/pokar-1000-500-px.png",
     "level": 2
    },
    {
     "name": "Ísmolapokar",
     "url": "/voerur/heimilisvoerur/pokar/ismolapokar/",
     "categoryId": "624c1f7ed70c9cb51042ca46",
     "categoryImageUrl": "https://cdne-image-prod-samkaup.azureedge.net/images-cms/media/bgbf4a3r/empty-top-100.png",
     "level": 3
    }
   ],
   "url": "/voerur/heimilisvoerur/pokar/ismolapokar/ismolapokar-p-10020541",
   "availableInStock": 13,
   "alwaysInStock": false
  },
  {
   "sku": "30199359",
   "displayName": "Klósetthreinsir",
   "brand": "Domestos",
   "weight": "750 ml.",
   "country": "GB",
   "productTeaser": "Pink Vienna Bleach",
   "salesPrice": 319.0,
   "pricePerUnit": 425.0,
   "unitOfMeasure": "ltr.",
   "icons": [],
   "hazardLabels": [],
   "imageUrl": "https://cdne-image-prod-samkaup.azureedge.net/images-pim/30199359/30199359.jpg",
   "offer": null,
   "bonus": null,
   "breadcrumbs": [
    {
     "name": "Vörur",
     "url": "/voerur/",
     "categoryId": null,
     "categoryImageUrl": "https://cdne-image-prod-samkaup.azureedge.net/images-cms/media/0btnugbh/fruits-and-vegetables-768x512.jpg",
     "level": 0
    },
    {
     "name": "Heimilisvörur",
     "url": "/voerur/heimilisvoerur/",
     "categoryId": "61aa173cdfbb03c07550ae16",
     "categoryImageUrl": "https://cdne-image-prod-samkaup.azureedge.net/images-cms/media/r02bbbqt/heimilisvoerur-1000-500-px.png",
     "level": 1
    },
    {
     "name": "Hreinlætisvörur",
     "url": "/voerur/heimilisvoerur/hreinlaetisvoerur/",
     "categoryId": "61afa983bffe2443147fb138",
     "categoryImageUrl": "https://cdne-image-prod-samkaup.azureedge.net/images-cms/media/e1nfe2ng/hreinlaetisvoerur-1000-500-px.png",
     "level": 2
    },
    {
     "name": "Fyrir baðherbergið",
     "url": "/voerur/heimilisvoerur/hreinlaetisvoerur/fyrir-badherbergid/",
     "categoryId": "61afa9d858952c9651e55a02",
     "categoryImageUrl": "https://cdne-image-prod-samkaup.azureedge.net/images-cms/media/bgbf4a3r/empty-top-100.png",
     "level": 3
    }
   ],
   "url": "/voerur/heimilisvoerur/hreinlaetisvoerur/fyrir-badherbergid/klosetthreinsir-p-30199359",
   "availableInStock": 12,
   "alwaysInStock": false
  },
  {
   "sku": "30048102",
   "displayName": "Upþvottavéla Gljái",
   "brand": "Finish",
   "weight": "400 ml.",
   "country": "GB",
   "productTeaser": "",
   "salesPrice": 619.0,
   "pricePerUnit": 1548.0,
   "unitOfMeasure": "ltr.",
   "icons": [],
   "hazardLabels": [],
   "imageUrl": "https://cdne-image-prod-samkaup.azureedge.net/images-pim/30048102/30048102.jpg",
   "offer": null,
   "bonus": null,
   "breadcrumbs": [
    {
     "name": "Vörur",
     "url": "/voerur/",
     "categoryId": null,
     "categoryImageUrl": "https://cdne-image-prod-samkaup.azureedge.net/images-cms/media/0btnugbh/fruits-and-vegetables-768x512.jpg",
     "level": 0
    },
    {
     "name": "Heimilisvörur",
     "url": "/voerur/heimilisvoerur/",
     "categoryId": "61aa173cdfbb03c07550ae16",
     "categoryImageUrl": "https://cdne-image-prod-samkaup.azureedge.net/images-cms/media/r02bbbqt/heimilisvoerur-1000-500-px.png",
     "level": 1
    },
    {
     "name": "Hreinlætisvörur",
     "url": "/voerur/heimilisvoerur/hreinlaetisvoerur/",
     "categoryId": "61afa983bffe2443147fb138",
     "categoryImageUrl": "https://cdne-image-prod-samkaup.azureedge.net/images-cms/media/e1nfe2ng/hreinlaetisvoerur-1000-500-px.png",
     "level": 2
    },
    {
     "name": "Fyrir uppþvottavélina",
     "url": "/voerur/heimilisvoerur/hreinlaetisvoerur/fyrir-uppthvottavelina/",
     "categoryId": "61afa9c4dfbb03c0755103a5",
     "categoryImageUrl": "https://cdne-image-prod-samkaup.azureedge.net/images-cms/media/bgbf4a3r/empty-top-100.png",
     "level": 3
    }
   ],
   "url": "/voerur/heimilisvoerur/hreinlaetisvoerur/fyrir-uppthvottavelina/upthvottavela-gljai-p-30048102",
   "availableInStock": 8,
   "alwaysInStock": false
  },
  {
   "sku": "30203924",
   "displayName": "AA Optimum",
   "brand": "Duracell",
   "weight": "",
   "country": "",
   "productTeaser": "12 stk.",
   "salesPrice": 1719.0,
   "pricePerUnit": null,
   "unitOfMeasure": null,
   "icons": [],
   "hazardLabels": [],
   "imageUrl": "https://cdne-image-prod-samkaup.azureedge.net/images-pim/30203924/30203924.png",
   "offer": null,
   "bonus": null,
   "breadcrumbs": [
    {
     "name": "Vörur",
     "url": "/voerur/",
     "categoryId": null,
     "categoryImageUrl": "https://cdne-image-prod-samkaup.azureedge.net/images-cms/media/0btnugbh/fruits-and-vegetables-768x512.jpg",
     "level": 0
    },
    {
     "name": "Heimilisvörur",
     "url": "/voerur/heimilisvoerur/",
     "categoryId": "61aa173cdfbb03c07550ae16",
     "categoryImageUrl": "https://cdne-image-prod-samkaup.azureedge.net/images-cms/media/r02bbbqt/heimilisvoerur-1000-500-px.png",
     "level": 1
    },
    {
     "name": "Rafhlöður",
     "url": "/voerur/heimilisvoerur/rafhloedur/",
     "categoryId": "61afa995dfbb03c07551039c",
     "categoryImageUrl": "https://cdne-image-prod-samkaup.azureedge.net/images-cms/media/qfvmi00p/rafhloeður-1000-500-px.png",
     "level": 2
    },
    {
     "name": "AA",
     "url": "/voerur/heimilisvoerur/rafhloedur/aa/",
     "categoryId": "624c234bd70c9cb51042ca8a",
     "categoryImageUrl": "https://cdne-image-prod-samkaup.azureedge.net/images-cms/media/bgbf4a3r/empty-top-100.png",
     "level": 3
    }
   ],
   "url": "/voerur/heimilisvoerur/rafhloedur/aa/aa-optimum-p-30203924",
   "availableInStock": 0,
   "alwaysInStock": true
  },
  {
   "sku": "30203922",
   "displayName": "AA Optimum",
   "brand": "Duracell",
   "weight": "",
   "country": "",
   "productTeaser": "4 stk.",
   "salesPrice": 719.0,
   "pricePerUnit": null,
   "unitOfMeasure": null,
   "icons": [],
   "hazardLabels": [],
   "imageUrl": "https://cdne-image-prod-samkaup.azureedge.net/images-pim/30203922/30203922.png",
   "offer": null,
   "bonus": null,
   "breadcrumbs": [
    {
     "name": "Vörur",
     "url": "/voerur/",
     "categoryId": null,
     "categoryImageUrl": "https://cdne-image-prod-samkaup.azureedge.net/images-cms/media/0btnugbh/fruits-and-vegetables-768x512.jpg",
     "level": 0
    },
    {
     "name": "Heimilisvörur",
     "url": "/voerur/heimilisvoerur/",
     "categoryId": "61aa173cdfbb03c07550ae16",
     "categoryImageUrl": "https://cdne-image-prod-samkaup.azureedge.net/images-cms/media/r02bbbqt/heimilisvoerur-1000-500-px.png",
     "level": 1
    },
    {
     "name": "Rafhlöður",
     "url": "/voerur/heimilisvoerur/rafhloedur/",
     "categoryId": "61afa995dfbb03c07551039c",
     "categoryImageUrl": "https://cdne-image-prod-samkaup.azureedge.net/images-cms/media/qfvmi00p/rafhloeður-1000-500-px.png",
     "level": 2
    },
    {
     "name": "AA",
     "url": "/voerur/heimilisvoerur/rafhloedur/aa/",
     "categoryId": "624c234bd70c9cb51042ca8a",
     "categoryImageUrl": "https://cdne-image-prod-samkaup.azureedge.net/images-cms/media/bgbf4a3r/empty-top-100.png",
     "level": 3
    }
   ],
   "url": "/voerur/heimilisvoerur/rafhloedur/aa/aa-optimum-p-30203922",
   "availableInStock": 0,
   "alwaysInStock": true
  },
  {
   "sku": "30203925",
   "displayName": "AAA Optimum",
   "brand": "Duracell",
   "weight": "",
   "country": "",
   "productTeaser": "12 stk.",
   "salesPrice": 1719.0,
   "pricePerUnit": null,
   "unitOfMeasure": null,
   "icons": [],
   "hazardLabels": [],
   "imageUrl": "https://cdne-image-prod-samkaup.azureedge.net/images-pim/30203925/30203925.png",
   "offer": null,
   "bonus": null,
   "breadcrumbs": [
    {
     "name": "Vörur",
     "url": "/voerur/",
     "categoryId": null,
     "categoryImageUrl": "https://cdne-image-prod-samkaup.azureedge.net/images-cms/media/0btnugbh/fruits-and-vegetables-768x512.jpg",
     "level": 0
    },
    {
     "name": "Heimilisvörur",
     "url": "/voerur/heimilisvoerur/",
     "categoryId": "61aa173cdfbb03c07550ae16",
     "categoryImageUrl": "https://cdne-image-prod-samkaup.azureedge.net/images-cms/media/r02bbbqt/heimilisvoerur-1000-500-px.png",
     "level": 1
    },
    {
     "name": "Rafhlöður",
     "url": "/voerur/heimilisvoerur/rafhloedur/",
     "categoryId": "61afa995dfbb03c07551039c",
     "categoryImageUrl": "https://cdne-image-prod-samkaup.azureedge.net/images-cms/media/qfvmi00p/rafhloeður-1000-500-px.png",
     "level": 2
    },
    {
     "name": "AAA",
     "url": "/voerur/heimilisvoerur/rafhloedur/aaa/",
     "categoryId": "624c234e7878f380ce845a34",
     "categoryImageUrl": "https://cdne-image-prod-samkaup.azureedge.net/images-cms/media/bgbf4a3r/empty-top-100.png",
     "level": 3
    }
   ],
   "url": "/voerur/heimilisvoerur/rafhloedur/aaa/aaa-optimum-p-30203925",
   "availableInStock": 0,
   "alwaysInStock": true
  },
  {
   "sku": "30203926",
   "displayName": "AA Plus",
   "brand": "Duracell",
   "weight": "",
   "country": "",
   "productTeaser": "4 stk.",
   "salesPrice": 519.0,
   "pricePerUnit": null,
   "unitOfMeasure": null,
   "icons": [],
   "hazardLabels": [],
   "imageUrl": "https://cdne-image-prod-samkaup.azureedge.net/images-pim/30203926/30203926.png",
   "offer": null,
   "bonus": null,
   "breadcrumbs": [
    {
     "name": "Vörur",
     "url": "/voerur/",
     "categoryId": null,
     "categoryImageUrl": "https://cdne-image-prod-samkaup.azureedge.net/images-cms/media/0btnugbh/fruits-and-vegetables-768x512.jpg",
     "level": 0
    },
    {
     "name": "Heimilisvörur",
     "url": "/voerur/heimilisvoerur/",
     "categoryId": "61aa173cdfbb03c07550ae16",
     "categoryImageUrl": "https://cdne-image-prod-samkaup.azureedge.net/images-cms/media/r02bbbqt/heimilisvoerur-1000-500-px.png",
     "level": 1
    },
    {
     "name": "Rafhlöður",
     "url": "/voerur/heimilisvoerur/rafhloedur/",
     "categoryId": "61afa995dfbb03c07551039c",
     "categoryImageUrl": "https://cdne-image-prod-samkaup.azureedge.net/images-cms/media/qfvmi00p/rafhloeður-1000-500-px.png",
     "level": 2
    },
    {
     "name": "AA",
     "url": "/voerur/heimilisvoerur/rafhloedur/aa/",
     "categoryId": "624c234bd70c9cb51042ca8a",
     "categoryImageUrl": "https://cdne-image-prod-samkaup.azureedge.net/images-cms/media/bgbf4a3r/empty-top-100.png",
     "level": 3
    }
   ],
   "url": "/voerur/heimilisvoerur/rafhloedur/aa/aa-plus-p-30203926",
   "availableInStock": 0,
   "alwaysInStock": true
  },
  {
   "sku": "10042075",
   "displayName": "AAA Plus Power",
   "brand": "Duracell",
   "weight": "",
   "country": "GB",
   "productTeaser": "4 stk.",
   "salesPrice": 489.0,
   "pricePerUnit": null,
   "unitOfMeasure": null,
   "icons": [],
   "hazardLabels": [],
   "imageUrl": "https://cdne-image-prod-samkaup.azureedge.net/images-pim/10042075/10042075.jpeg",
   "offer": null,
   "bonus": null,
   "breadcrumbs": [
    {
     "name": "Vörur",
     "url": "/voerur/",
     "categoryId": null,
     "categoryImageUrl": "https://cdne-image-prod-samkaup.azureedge.net/images-cms/media/0btnugbh/fruits-and-vegetables-768x512.jpg",
     "level": 0
    },
    {
     "name": "Heimilisvörur",
     "url": "/voerur/heimilisvoerur/",
     "categoryId": "61aa173cdfbb03c07550ae16",
     "categoryImageUrl": "https://cdne-image-prod-samkaup.azureedge.net/images-cms/media/r02bbbqt/heimilisvoerur-1000-500-px.png",
     "level": 1
    },
    {
     "name": "Rafhlöður",
     "url": "/voerur/heimilisvoerur/rafhloedur/",
     "categoryId": "61afa995dfbb03c07551039c",
     "categoryImageUrl": "https://cdne-image-prod-samkaup.azureedge.net/images-cms/media/qfvmi00p/rafhloeður-1000-500-px.png",
     "level": 2
    },
    {
     "name": "AAA",
     "url": "/voerur/heimilisvoerur/rafhloedur/aaa/",
     "categoryId": "624c234e7878f380ce845a34",
     "categoryImageUrl": "https://cdne-image-prod-samkaup.azureedge.net/images-cms/media/bgbf4a3r/empty-top-100.png",
     "level": 3
    }
   ],
   "url": "/voerur/heimilisvoerur/rafhloedur/aaa/aaa-plus-power-p-10042075",
   "availableInStock": 10,
   "alwaysInStock": false
  },
  {
   "sku": "30188691",
   "displayName": "AAA Plus Power",
   "brand": "Duracell",
   "weight": "",
   "country": "",
   "productTeaser": "20 stk.",
   "salesPrice": 1919.0,
   "pricePerUnit": null,
   "unitOfMeasure": null,
   "icons": [],
   "hazardLabels": [],
   "imageUrl": "https://cdne-image-prod-samkaup.azureedge.net/images-pim/30188691/30188691.jpg",
   "offer": null,
   "bonus": null,
   "breadcrumbs": [
    {
     "name": "Vörur",
     "url": "/voerur/",
     "categoryId": null,
     "categoryImageUrl": "https://cdne-image-prod-samkaup.azureedge.net/images-cms/media/0btnugbh/fruits-and-vegetables-768x512.jpg",
     "level": 0
    },
    {
     "name": "Heimilisvörur",
     "url": "/voerur/heimilisvoerur/",
     "categoryId": "61aa173cdfbb03c07550ae16",
     "categoryImageUrl": "https://cdne-image-prod-samkaup.azureedge.net/images-cms/media/r02bbbqt/heimilisvoerur-1000-500-px.png",
     "level": 1
    },
    {
     "name": "Rafhlöður",
     "url": "/voerur/heimilisvoerur/rafhloedur/",
     "categoryId": "61afa995dfbb03c07551039c",
     "categoryImageUrl": "https://cdne-image-prod-samkaup.azureedge.net/images-cms/media/qfvmi00p/rafhloeður-1000-500-px.png",
     "level": 2
    },
    {
     "name": "AAA",
     "url": "/voerur/heimilisvoerur/rafhloedur/aaa/",
     "categoryId": "624c234e7878f380ce845a34",
     "categoryImageUrl": "https://cdne-image-prod-samkaup.azureedge.net/images-cms/media/bgbf4a3r/empty-top-100.png",
     "level": 3
    }
   ],
   "url": "/voerur/heimilisvoerur/rafhloedur/aaa/aaa-plus-power-p-30188691",
   "availableInStock": 0,
   "alwaysInStock": true
  },
  {
   "sku": "10042069",
   "displayName": "AA Ultra Power",
   "brand": "Duracell",
   "weight": "",
   "country": "GB",
   "productTeaser": "4 stk.",
   "salesPrice": 659.0,
   "pricePerUnit": null,
   "unitOfMeasure": null,
   "icons": [],
   "hazardLabels": [],
   "imageUrl": "https://cdne-image-prod-samkaup.azureedge.net/images-pim/10042069/10042069.jpg",
   "offer": null,
   "bonus": null,
   "breadcrumbs": [
    {
     "name": "Vörur",
     "url": "/voerur/",
     "categoryId": null,
     "categoryImageUrl": "https://cdne-image-prod-samkaup.azureedge.net/images-cms/media/0btnugbh/fruits-and-vegetables-768x512.jpg",
     "level": 0
    },
    {
     "name": "Heimilisvörur",
     "url": "/voerur/heimilisvoerur/",
     "categoryId": "61aa173cdfbb03c07550ae16",
     "categoryImageUrl": "https://cdne-image-prod-samkaup.azureedge.net/images-cms/media/r02bbbqt/heimilisvoerur-1000-500-px.png",
     "level": 1
    },
    {
     "name": "Rafhlöður",
     "url": "/voerur/heimilisvoerur/rafhloedur/",
     "categoryId": "61afa995dfbb03c07551039c",
     "categoryImageUrl": "https://cdne-image-prod-samkaup.azureedge.net/images-cms/media/qfvmi00p/rafhloeður-1000-500-px.png",
     "level": 2
    },
    {
     "name": "AA",
     "url": "/voerur/heimilisvoerur/rafhloedur/aa/",
     "categoryId": "624c234bd70c9cb51042ca8a",
     "categoryImageUrl": "https://cdne-image-prod-samkaup.azureedge.net/images-cms/media/bgbf4a3r/empty-top-100.png",
     "level": 3
    }
   ],
   "url": "/voerur/heimilisvoerur/rafhloedur/aa/aa-ultra-power-p-10042069",
   "availableInStock": 0,
   "alwaysInStock": true
  },
  {
   "sku": "30188693",
   "displayName": "AAA Ultra Power",
   "brand": "Duracell",
   "weight": "",
   "country": "",
   "productTeaser": "12 stk.",
   "salesPrice": 1819.0,
   "pricePerUnit": null,
   "unitOfMeasure": null,
   "icons": [],
   "hazardLabels": [],
   "imageUrl": "https://cdne-image-prod-samkaup.azureedge.net/images-pim/30188693/30188693.jpg",
   "offer": null,
   "bonus": null,
   "breadcrumbs": [
    {
     "name": "Vörur",
     "url": "/voerur/",
     "categoryId": null,
     "categoryImageUrl": "https://cdne-image-prod-samkaup.azureedge.net/images-cms/media/0btnugbh/fruits-and-vegetables-768x512.jpg",
     "level": 0
    },
    {
     "name": "Heimilisvörur",
     "url": "/voerur/heimilisvoerur/",
     "categoryId": "61aa173cdfbb03c07550ae16",
     "categoryImageUrl": "https://cdne-image-prod-samkaup.azureedge.net/images-cms/media/r02bbbqt/heimilisvoerur-1000-500-px.png",
     "level": 1
    },
    {
     "name": "Rafhlöður",
     "url": "/voerur/heimilisvoerur/rafhloedur/",
     "categoryId": "61afa995dfbb03c07551039c",
     "categoryImageUrl": "https://cdne-image-prod-samkaup.azureedge.net/images-cms/media/qfvmi00p/rafhloeður-1000-500-px.png",
     "level": 2
    },
    {
     "name": "AAA",
     "url": "/voerur/heimilisvoerur/rafhloedur/aaa/",
     "categoryId": "624c234e7878f380ce845a34",
     "categoryImageUrl": "https://cdne-image-prod-samkaup.azureedge.net/images-cms/media/bgbf4a3r/empty-top-100.png",
     "level": 3
    }
   ],
   "url": "/voerur/heimilisvoerur/rafhloedur/aaa/aaa-ultra-power-p-30188693",
   "availableInStock": 0,
   "alwaysInStock": true
  },
  {
   "sku": "30211548",
   "displayName": "Airwick Mystic Garden",
   "brand": "Airwick",
   "weight": "250 ml.",
   "country": "GB",
   "productTeaser": "",
   "salesPrice": 1069.0,
   "pricePerUnit": 4276.0,
   "unitOfMeasure": "ltr.",
   "icons": [],
   "hazardLabels": [],
   "imageUrl": "https://cdne-image-prod-samkaup.azureedge.net/images-pim/30211548/30211548.png",
   "offer": null,
   "bonus": null,
   "breadcrumbs": [
    {
     "name": "Vörur",
     "url": "/voerur/",
     "categoryId": null,
     "categoryImageUrl": "https://cdne-image-prod-samkaup.azureedge.net/images-cms/media/0btnugbh/fruits-and-vegetables-768x512.jpg",
     "level": 0
    },
    {
     "name": "Heimilisvörur",
     "url": "/voerur/heimilisvoerur/",
     "categoryId": "61aa173cdfbb03c07550ae16",
     "categoryImageUrl": "https://cdne-image-prod-samkaup.azureedge.net/images-cms/media/r02bbbqt/heimilisvoerur-1000-500-px.png",
     "level": 1
    },
    {
     "name": "Hreinlætisvörur",
     "url": "/voerur/heimilisvoerur/hreinlaetisvoerur/",
     "categoryId": "61afa983bffe2443147fb138",
     "categoryImageUrl": "https://cdne-image-prod-samkaup.azureedge.net/images-cms/media/e1nfe2ng/hreinlaetisvoerur-1000-500-px.png",
     "level": 2
    },
    {
     "name": "Ilmur og lykt",
     "url": "/voerur/heimilisvoerur/hreinlaetisvoerur/ilmur-og-lykt/",
     "categoryId": "61afa9f9bffe2443147fb13f",
     "categoryImageUrl": "https://cdne-image-prod-samkaup.azureedge.net/images-cms/media/bgbf4a3r/empty-top-100.png",
     "level": 3
    }
   ],
   "url": "/voerur/heimilisvoerur/hreinlaetisvoerur/ilmur-og-lykt/airwick-mystic-garden-p-30211548",
   "availableInStock": 4,
   "alwaysInStock": false
  },
  {
   "sku": "30200430",
   "displayName": "Alhliðahreinsir",
   "brand": "Sonett",
   "weight": "500 ml.",
   "country": "",
   "productTeaser": "",
   "salesPrice": 719.0,
   "pricePerUnit": 1438.0,
   "unitOfMeasure": "ltr.",
   "icons": [
    "Vegan"
   ],
   "hazardLabels": [],
   "imageUrl": "https://cdne-image-prod-samkaup.azureedge.net/images-pim/30200430/30200430.jpg",
   "offer": null,
   "bonus": null,
   "breadcrumbs": [
    {
     "name": "Vörur",
     "url": "/voerur/",
     "categoryId": null,
     "categoryImageUrl": "https://cdne-image-prod-samkaup.azureedge.net/images-cms/media/0btnugbh/fruits-and-vegetables-768x512.jpg",
     "level": 0
    },
    {
     "name": "Heimilisvörur",
     "url": "/voerur/heimilisvoerur/",
     "categoryId": "61aa173cdfbb03c07550ae16",
     "categoryImageUrl": "https://cdne-image-prod-samkaup.azureedge.net/images-cms/media/r02bbbqt/heimilisvoerur-1000-500-px.png",
     "level": 1
    },
    {
     "name": "Hreinlætisvörur",
     "url": "/voerur/heimilisvoerur/hreinlaetisvoerur/",
     "categoryId": "61afa983bffe2443147fb138",
     "categoryImageUrl": "https://cdne-image-prod-samkaup.azureedge.net/images-cms/media/e1nfe2ng/hreinlaetisvoerur-1000-500-px.png",
     "level": 2
    },
    {
     "name": "Hreinsiefni",
     "url": "/voerur/heimilisvoerur/hreinlaetisvoerur/hreinsiefni/",
     "categoryId": "61afa9ecbffe2443147fb13e",
     "categoryImageUrl": "https://cdne-image-prod-samkaup.azureedge.net/images-cms/media/bgbf4a3r/empty-top-100.png",
     "level": 3
    }
   ],
   "url": "/voerur/heimilisvoerur/hreinlaetisvoerur/hreinsiefni/alhlidahreinsir-p-30200430",
   "availableInStock": 8,
   "alwaysInStock": false
  },
  {
   "sku": "10050472",
   "displayName": "Allrahanda Klútar",
   "brand": "Takk",
   "weight": "",
   "country": "",
   "productTeaser": "5 stk.",
   "salesPrice": 389.0,
   "pricePerUnit": null,
   "unitOfMeasure": null,
   "icons": [],
   "hazardLabels": [],
   "imageUrl": "https://cdne-image-prod-samkaup.azureedge.net/images-pim/10050472/10050472.jpeg",
   "offer": null,
   "bonus": null,
   "breadcrumbs": [
    {
     "name": "Vörur",
     "url": "/voerur/",
     "categoryId": null,
     "categoryImageUrl": "https://cdne-image-prod-samkaup.azureedge.net/images-cms/media/0btnugbh/fruits-and-vegetables-768x512.jpg",
     "level": 0
    },
    {
     "name": "Heimilisvörur",
     "url": "/voerur/heimilisvoerur/",
     "categoryId": "61aa173cdfbb03c07550ae16",
     "categoryImageUrl": "https://cdne-image-prod-samkaup.azureedge.net/images-cms/media/r02bbbqt/heimilisvoerur-1000-500-px.png",
     "level": 1
    },
    {
     "name": "Hreinlætisáhöld",
     "url": "/voerur/heimilisvoerur/hreinlaetisahoeld/",
     "categoryId": "61afa989dfbb03c07551039b",
     "categoryImageUrl": "https://cdne-image-prod-samkaup.azureedge.net/images-cms/media/tfqfbcht/hreinlaetisáhoeld-1000-500-px.png",
     "level": 2
    },
    {
     "name": "Klútar",
     "url": "/voerur/heimilisvoerur/hreinlaetisahoeld/klutar/",
     "categoryId": "624c21d9ae8a756a4482eb80",
     "categoryImageUrl": "https://cdne-image-prod-samkaup.azureedge.net/images-cms/media/bgbf4a3r/empty-top-100.png",
     "level": 3
    }
   ],
   "url": "/voerur/heimilisvoerur/hreinlaetisahoeld/klutar/allrahanda-klutar-p-10050472",
   "availableInStock": 0,
   "alwaysInStock": true
  },
  {
   "sku": "30206012",
   "displayName": "Andlitsgrímur",
   "brand": "Avo",
   "weight": "",
   "country": "",
   "productTeaser": "10 stk.",
   "salesPrice": 519.0,
   "pricePerUnit": null,
   "unitOfMeasure": null,
   "icons": [],
   "hazardLabels": [],
   "imageUrl": "https://cdne-image-prod-samkaup.azureedge.net/images-pim/30206012/30206012.png",
   "offer": null,
   "bonus": null,
   "breadcrumbs": [
    {
     "name": "Vörur",
     "url": "/voerur/",
     "categoryId": null,
     "categoryImageUrl": "https://cdne-image-prod-samkaup.azureedge.net/images-cms/media/0btnugbh/fruits-and-vegetables-768x512.jpg",
     "level": 0
    },
    {
     "name": "Heimilisvörur",
     "url": "/voerur/heimilisvoerur/",
     "categoryId": "61aa173cdfbb03c07550ae16",
     "categoryImageUrl": "https://cdne-image-prod-samkaup.azureedge.net/images-cms/media/r02bbbqt/heimilisvoerur-1000-500-px.png",
     "level": 1
    },
    {
     "name": "Hreinlætisvörur",
     "url": "/voerur/heimilisvoerur/hreinlaetisvoerur/",
     "categoryId": "61afa983bffe2443147fb138",
     "categoryImageUrl": "https://cdne-image-prod-samkaup.azureedge.net/images-cms/media/e1nfe2ng/hreinlaetisvoerur-1000-500-px.png",
     "level": 2
    },
    {
     "name": "Andlitsgrímur",
     "url": "/voerur/heimilisvoerur/hreinlaetisvoerur/andlitsgrimur/",
     "categoryId": "624c24bad70c9cb51042caa4",
     "categoryImageUrl": "https://cdne-image-prod-samkaup.azureedge.net/images-cms/media/bgbf4a3r/empty-top-100.png",
     "level": 3
    }
   ],
   "url": "/voerur/heimilisvoerur/hreinlaetisvoerur/andlitsgrimur/andlitsgrimur-p-30206012",
   "availableInStock": 7,
   "alwaysInStock": false
  },
  {
   "sku": "30197873",
   "displayName": "Andlitsgrímur Svartar",
   "brand": "Avo",
   "weight": "",
   "country": "",
   "productTeaser": "3gja laga. 50 stk.",
   "salesPrice": 2499.0,
   "pricePerUnit": null,
   "unitOfMeasure": null,
   "icons": [],
   "hazardLabels": [],
   "imageUrl": "https://cdne-image-prod-samkaup.azureedge.net/images-pim/30197873/30197873.png",
   "offer": null,
   "bonus": null,
   "breadcrumbs": [
    {
     "name": "Vörur",
     "url": "/voerur/",
     "categoryId": null,
     "categoryImageUrl": "https://cdne-image-prod-samkaup.azureedge.net/images-cms/media/0btnugbh/fruits-and-vegetables-768x512.jpg",
     "level": 0
    },
    {
     "name": "Heimilisvörur",
     "url": "/voerur/heimilisvoerur/",
     "categoryId": "61aa173cdfbb03c07550ae16",
     "categoryImageUrl": "https://cdne-image-prod-samkaup.azureedge.net/images-cms/media/r02bbbqt/heimilisvoerur-1000-500-px.png",
     "level": 1
    },
    {
     "name": "Hreinlætisvörur",
     "url": "/voerur/heimilisvoerur/hreinlaetisvoerur/",
     "categoryId": "61afa983bffe2443147fb138",
     "categoryImageUrl": "https://cdne-image-prod-samkaup.azureedge.net/images-cms/media/e1nfe2ng/hreinlaetisvoerur-1000-500-px.png",
     "level": 2
    },
    {
     "name": "Andlitsgrímur",
     "url": "/voerur/heimilisvoerur/hreinlaetisvoerur/andlitsgrimur/",
     "categoryId": "624c24bad70c9cb51042caa4",
     "categoryImageUrl": "https://cdne-image-prod-samkaup.azureedge.net/images-cms/media/bgbf4a3r/empty-top-100.png",
     "level": 3
    }
   ],
   "url": "/voerur/heimilisvoerur/hreinlaetisvoerur/andlitsgrimur/andlitsgrimur-svartar-p-30197873",
   "availableInStock": 11,
   "alwaysInStock": false
  },
  {
   "sku": "30199998",
   "displayName": "Andlitsgrímur Svartar",
   "brand": "Homex",
   "weight": "",
   "country": "TR",
   "productTeaser": "10 stk.",
   "salesPrice": 999.0,
   "pricePerUnit": null,
   "unitOfMeasure": null,
   "icons": [],
   "hazardLabels": [],
   "imageUrl": "https://cdne-image-prod-samkaup.azureedge.net/images-pim/30199998/30199998.jpg",
   "offer": null,
   "bonus": null,
   "breadcrumbs": [
    {
     "name": "Vörur",
     "url": "/voerur/",
     "categoryId": null,
     "categoryImageUrl": "https://cdne-image-prod-samkaup.azureedge.net/images-cms/media/0btnugbh/fruits-and-vegetables-768x512.jpg",
     "level": 0
    },
    {
     "name": "Heimilisvörur",
     "url": "/voerur/heimilisvoerur/",
     "categoryId": "61aa173cdfbb03c07550ae16",
     "categoryImageUrl": "https://cdne-image-prod-samkaup.azureedge.net/images-cms/media/r02bbbqt/heimilisvoerur-1000-500-px.png",
     "level": 1
    },
    {
     "name": "Hreinlætisvörur",
     "url": "/voerur/heimilisvoerur/hreinlaetisvoerur/",
     "categoryId": "61afa983bffe2443147fb138",
     "categoryImageUrl": "https://cdne-image-prod-samkaup.azureedge.net/images-cms/media/e1nfe2ng/hreinlaetisvoerur-1000-500-px.png",
     "level": 2
    },
    {
     "name": "Andlitsgrímur",
     "url": "/voerur/heimilisvoerur/hreinlaetisvoerur/andlitsgrimur/",
     "categoryId": "624c24bad70c9cb51042caa4",
     "categoryImageUrl": "https://cdne-image-prod-samkaup.azureedge.net/images-cms/media/bgbf4a3r/empty-top-100.png",
     "level": 3
    }
   ],
   "url": "/voerur/heimilisvoerur/hreinlaetisvoerur/andlitsgrimur/andlitsgrimur-svartar-p-30199998",
   "availableInStock": 220,
   "alwaysInStock": false
  },
  {
   "sku": "30167282",
   "displayName": "Anti Bacterial Sprey",
   "brand": "Ecozone",
   "weight": "500 ml.",
   "country": "",
   "productTeaser": "Multi Surface cleaner Kills 99.9% bact.",
   "salesPrice": 759.0,
   "pricePerUnit": 1518.0,
   "unitOfMeasure": "ltr.",
   "icons": [],
   "hazardLabels": [],
   "imageUrl": "https://cdne-image-prod-samkaup.azureedge.net/images-pim/30167282/30167282.jpg",
   "offer": null,
   "bonus": null,
   "breadcrumbs": [
    {
     "name": "Vörur",
     "url": "/voerur/",
     "categoryId": null,
     "categoryImageUrl": "https://cdne-image-prod-samkaup.azureedge.net/images-cms/media/0btnugbh/fruits-and-vegetables-768x512.jpg",
     "level": 0
    },
    {
     "name": "Heimilisvörur",
     "url": "/voerur/heimilisvoerur/",
     "categoryId": "61aa173cdfbb03c07550ae16",
     "categoryImageUrl": "https://cdne-image-prod-samkaup.azureedge.net/images-cms/media/r02bbbqt/heimilisvoerur-1000-500-px.png",
     "level": 1
    },
    {
     "name": "Hreinlætisvörur",
     "url": "/voerur/heimilisvoerur/hreinlaetisvoerur/",
     "categoryId": "61afa983bffe2443147fb138",
     "categoryImageUrl": "https://cdne-image-prod-samkaup.azureedge.net/images-cms/media/e1nfe2ng/hreinlaetisvoerur-1000-500-px.png",
     "level": 2
    },
    {
     "name": "Sótthreinsir og spritt",
     "url": "/voerur/heimilisvoerur/hreinlaetisvoerur/sotthreinsir-og-spritt/",
     "categoryId": "6203def0c6c60b354aee7616",
     "categoryImageUrl": "https://cdne-image-prod-samkaup.azureedge.net/images-cms/media/bgbf4a3r/empty-top-100.png",
     "level": 3
    }
   ],
   "url": "/voerur/heimilisvoerur/hreinlaetisvoerur/sotthreinsir-og-spritt/anti-bacterial-sprey-p-30167282",
   "availableInStock": 10,
   "alwaysInStock": false
  },
  {
   "sku": "30154421",
   "displayName": "Arinkubbar",
   "brand": "Big K",
   "weight": "800 gr.",
   "country": "",
   "productTeaser": "",
   "salesPrice": 819.0,
   "pricePerUnit": 1024.0,
   "unitOfMeasure": "kg.",
   "icons": [],
   "hazardLabels": [],
   "imageUrl": "https://cdne-image-prod-samkaup.azureedge.net/images-pim/30154421/30154421.png",
   "offer": null,
   "bonus": null,
   "breadcrumbs": [
    {
     "name": "Vörur",
     "url": "/voerur/",
     "categoryId": null,
     "categoryImageUrl": "https://cdne-image-prod-samkaup.azureedge.net/images-cms/media/0btnugbh/fruits-and-vegetables-768x512.jpg",
     "level": 0
    },
    {
     "name": "Nikótín og eldfæri",
     "url": "/voerur/nikotin-og-eldfaeri/",
     "categoryId": "618142309fc0a1ff0663b38b",
     "categoryImageUrl": "https://cdne-image-prod-samkaup.azureedge.net/images-cms/media/hynf1p21/nikótín-og-rafrettur-1000-500-px.png",
     "level": 1
    },
    {
     "name": "Eldfæri",
     "url": "/voerur/nikotin-og-eldfaeri/eldfaeri/",
     "categoryId": "61afa660bffe2443147fb105",
     "categoryImageUrl": "https://cdne-image-prod-samkaup.azureedge.net/images-cms/media/tsmffilq/eldfaeri-1000-500-px.png",
     "level": 2
    },
    {
     "name": "Kveikjarar",
     "url": "/voerur/nikotin-og-eldfaeri/eldfaeri/kveikjarar/",
     "categoryId": "624c1e6fae8a756a4482eb59",
     "categoryImageUrl": "https://cdne-image-prod-samkaup.azureedge.net/images-cms/media/bgbf4a3r/empty-top-100.png",
     "level": 3
    }
   ],
   "url": "/voerur/nikotin-og-eldfaeri/eldfaeri/kveikjarar/arinkubbar-p-30154421",
   "availableInStock": 16,
   "alwaysInStock": false
  },
  {
   "sku": "30171002",
   "displayName": "Ausa",
   "brand": "Maku",
   "weight": "170 gr.",
   "country": "CN",
   "productTeaser": "",
   "salesPrice": 579.0,
   "pricePerUnit": 3406.0,
   "unitOfMeasure": "kg.",
   "icons": [],
   "hazardLabels": [],
   "imageUrl": "https://cdne-image-prod-samkaup.azureedge.net/images-pim/30171002/30171002.jpg",
   "offer": null,
   "bonus": null,
   "breadcrumbs": [
    {
     "name": "Vörur",
     "url": "/voerur/",
     "categoryId": null,
     "categoryImageUrl": "https://cdne-image-prod-samkaup.azureedge.net/images-cms/media/0btnugbh/fruits-and-vegetables-768x512.jpg",
     "level": 0
    },
    {
     "name": "Heimilisvörur",
     "url": "/voerur/heimilisvoerur/",
     "categoryId": "61aa173cdfbb03c07550ae16",
     "categoryImageUrl": "https://cdne-image-prod-samkaup.azureedge.net/images-cms/media/r02bbbqt/heimilisvoerur-1000-500-px.png",
     "level": 1
    },
    {
     "name": "Búsáhöld",
     "url": "/voerur/heimilisvoerur/busahoeld/",
     "categoryId": "61afa98d58952c9651e559fd",
     "categoryImageUrl": "https://cdne-image-prod-samkaup.azureedge.net/images-cms/media/uuwp3ewo/búsáhoeld-1000-500-px.png",
     "level": 2
    },
    {
     "name": "Eldunaráhöld",
     "url": "/voerur/heimilisvoerur/busahoeld/eldunarahoeld/",
     "categoryId": "624c221e7878f380ce845a20",
     "categoryImageUrl": "https://cdne-image-prod-samkaup.azureedge.net/images-cms/media/bgbf4a3r/empty-top-100.png",
     "level": 3
    }
   ],
   "url": "/voerur/heimilisvoerur/busahoeld/eldunarahoeld/ausa-p-30171002",
   "availableInStock": 9,
   "alwaysInStock": false
  },
  {
   "sku": "30205083",
   "displayName": "Áhaldasett 6 stk.",
   "brand": "Maku",
   "weight": "",
   "country": "CN",
   "productTeaser": "",
   "salesPrice": 4749.0,
   "pricePerUnit": null,
   "unitOfMeasure": null,
   "icons": [],
   "hazardLabels": [],
   "imageUrl": "https://cdne-image-prod-samkaup.azureedge.net/images-pim/30205083/30205083.jpg",
   "offer": null,
   "bonus": null,
   "breadcrumbs": [
    {
     "name": "Vörur",
     "url": "/voerur/",
     "categoryId": null,
     "categoryImageUrl": "https://cdne-image-prod-samkaup.azureedge.net/images-cms/media/0btnugbh/fruits-and-vegetables-768x512.jpg",
     "level": 0
    },
    {
     "name": "Heimilisvörur",
     "url": "/voerur/heimilisvoerur/",
     "categoryId": "61aa173cdfbb03c07550ae16",
     "categoryImageUrl": "https://cdne-image-prod-samkaup.azureedge.net/images-cms/media/r02bbbqt/heimilisvoerur-1000-500-px.png",
     "level": 1
    },
    {
     "name": "Búsáhöld",
     "url": "/voerur/heimilisvoerur/busahoeld/",
     "categoryId": "61afa98d58952c9651e559fd",
     "categoryImageUrl": "https://cdne-image-prod-samkaup.azureedge.net/images-cms/media/uuwp3ewo/búsáhoeld-1000-500-px.png",
     "level": 2
    },
    {
     "name": "Eldunaráhöld",
     "url": "/voerur/heimilisvoerur/busahoeld/eldunarahoeld/",
     "categoryId": "624c221e7878f380ce845a20",
     "categoryImageUrl": "https://cdne-image-prod-samkaup.azureedge.net/images-cms/media/bgbf4a3r/empty-top-100.png",
     "level": 3
    }
   ],
   "url": "/voerur/heimilisvoerur/busahoeld/eldunarahoeld/ahaldasett-6-stk-p-30205083",
   "availableInStock": 4,
   "alwaysInStock": false
  },
  {
   "sku": "10084890",
   "displayName": "Áherslupenni Appelsínugulur",
   "brand": "Schneider",
   "weight": "",
   "country": "",
   "productTeaser": "",
   "salesPrice": 349.0,
   "pricePerUnit": null,
   "unitOfMeasure": null,
   "icons": [],
   "hazardLabels": [],
   "imageUrl": "https://cdne-image-prod-samkaup.azureedge.net/images-pim/10084890/10084890.jpg",
   "offer": null,
   "bonus": null,
   "breadcrumbs": [
    {
     "name": "Vörur",
     "url": "/voerur/",
     "categoryId": null,
     "categoryImageUrl": "https://cdne-image-prod-samkaup.azureedge.net/images-cms/media/0btnugbh/fruits-and-vegetables-768x512.jpg",
     "level": 0
    },
    {
     "name": "Heimilisvörur",
     "url": "/voerur/heimilisvoerur/",
     "categoryId": "61aa173cdfbb03c07550ae16",
     "categoryImageUrl": "https://cdne-image-prod-samkaup.azureedge.net/images-cms/media/r02bbbqt/heimilisvoerur-1000-500-px.png",
     "level": 1
    },
    {
     "name": "Skóla-og skrifstofuvörur",
     "url": "/voerur/heimilisvoerur/skola-og-skrifstofuvoerur/",
     "categoryId": "61afa9a5bffe2443147fb13a",
     "categoryImageUrl": "https://cdne-image-prod-samkaup.azureedge.net/images-cms/media/otsmhl0j/skólavoerur-1000-500-px.png",
     "level": 2
    },
    {
     "name": "Skriffæri",
     "url": "/voerur/heimilisvoerur/skola-og-skrifstofuvoerur/skriffaeri/",
     "categoryId": "624c253fae8a756a4482ebb8",
     "categoryImageUrl": "https://cdne-image-prod-samkaup.azureedge.net/images-cms/media/bgbf4a3r/empty-top-100.png",
     "level": 3
    }
   ],
   "url": "/voerur/heimilisvoerur/skola-og-skrifstofuvoerur/skriffaeri/aherslupenni-appelsinugulur-p-10084890",
   "availableInStock": 0,
   "alwaysInStock": true
  },
  {
   "sku": "10084887",
   "displayName": "Áherslupenni Blár",
   "brand": "Schneider",
   "weight": "",
   "country": "",
   "productTeaser": "",
   "salesPrice": 349.0,
   "pricePerUnit": null,
   "unitOfMeasure": null,
   "icons": [],
   "hazardLabels": [],
   "imageUrl": "https://cdne-image-prod-samkaup.azureedge.net/images-pim/10084887/10084887.jpg",
   "offer": null,
   "bonus": null,
   "breadcrumbs": [
    {
     "name": "Vörur",
     "url": "/voerur/",
     "categoryId": null,
     "categoryImageUrl": "https://cdne-image-prod-samkaup.azureedge.net/images-cms/media/0btnugbh/fruits-and-vegetables-768x512.jpg",
     "level": 0
    },
    {
     "name": "Heimilisvörur",
     "url": "/voerur/heimilisvoerur/",
     "categoryId": "61aa173cdfbb03c07550ae16",
     "categoryImageUrl": "https://cdne-image-prod-samkaup.azureedge.net/images-cms/media/r02bbbqt/heimilisvoerur-1000-500-px.png",
     "level": 1
    },
    {
     "name": "Skóla-og skrifstofuvörur",
     "url": "/voerur/heimilisvoerur/skola-og-skrifstofuvoerur/",
     "categoryId": "61afa9a5bffe2443147fb13a",
     "categoryImageUrl": "https://cdne-image-prod-samkaup.azureedge.net/images-cms/media/otsmhl0j/skólavoerur-1000-500-px.png",
     "level": 2
    },
    {
     "name": "Skriffæri",
     "url": "/voerur/heimilisvoerur/skola-og-skrifstofuvoerur/skriffaeri/",
     "categoryId": "624c253fae8a756a4482ebb8",
     "categoryImageUrl": "https://cdne-image-prod-samkaup.azureedge.net/images-cms/media/bgbf4a3r/empty-top-100.png",
     "level": 3
    }
   ],
   "url": "/voerur/heimilisvoerur/skola-og-skrifstofuvoerur/skriffaeri/aherslupenni-blar-p-10084887",
   "availableInStock": 0,
   "alwaysInStock": true
  },
  {
   "sku": "10092075",
   "displayName": "Áherslupenni Bleikur",
   "brand": "Schneider",
   "weight": "",
   "country": "",
   "productTeaser": "",
   "salesPrice": 349.0,
   "pricePerUnit": null,
   "unitOfMeasure": null,
   "icons": [],
   "hazardLabels": [],
   "imageUrl": "https://cdne-image-prod-samkaup.azureedge.net/images-pim/10092075/10092075.jpg",
   "offer": null,
   "bonus": null,
   "breadcrumbs": [
    {
     "name": "Vörur",
     "url": "/voerur/",
     "categoryId": null,
     "categoryImageUrl": "https://cdne-image-prod-samkaup.azureedge.net/images-cms/media/0btnugbh/fruits-and-vegetables-768x512.jpg",
     "level": 0
    },
    {
     "name": "Heimilisvörur",
     "url": "/voerur/heimilisvoerur/",
     "categoryId": "61aa173cdfbb03c07550ae16",
     "categoryImageUrl": "https://cdne-image-prod-samkaup.azureedge.net/images-cms/media/r02bbbqt/heimilisvoerur-1000-500-px.png",
     "level": 1
    },
    {
     "name": "Skóla-og skrifstofuvörur",
     "url": "/voerur/heimilisvoerur/skola-og-skrifstofuvoerur/",
     "categoryId": "61afa9a5bffe2443147fb13a",
     "categoryImageUrl": "https://cdne-image-prod-samkaup.azureedge.net/images-cms/media/otsmhl0j/skólavoerur-1000-500-px.png",
     "level": 2
    },
    {
     "name": "Skriffæri",
     "url": "/voerur/heimilisvoerur/skola-og-skrifstofuvoerur/skriffaeri/",
     "categoryId": "624c253fae8a756a4482ebb8",
     "categoryImageUrl": "https://cdne-image-prod-samkaup.azureedge.net/images-cms/media/bgbf4a3r/empty-top-100.png",
     "level": 3
    }
   ],
   "url": "/voerur/heimilisvoerur/skola-og-skrifstofuvoerur/skriffaeri/aherslupenni-bleikur-p-10092075",
   "availableInStock": 0,
   "alwaysInStock": true
  },
  {
   "sku": "10084889",
   "displayName": "Áherslupenni gGlur",
   "brand": "Schneider",
   "weight": "",
   "country": "",
   "productTeaser": "",
   "salesPrice": 349.0,
   "pricePerUnit": null,
   "unitOfMeasure": null,
   "icons": [],
   "hazardLabels": [],
   "imageUrl": "https://cdne-image-prod-samkaup.azureedge.net/images-pim/10084889/10084889.jpg",
   "offer": null,
   "bonus": null,
   "breadcrumbs": [
    {
     "name": "Vörur",
     "url": "/voerur/",
     "categoryId": null,
     "categoryImageUrl": "https://cdne-image-prod-samkaup.azureedge.net/images-cms/media/0btnugbh/fruits-and-vegetables-768x512.jpg",
     "level": 0
    },
    {
     "name": "Heimilisvörur",
     "url": "/voerur/heimilisvoerur/",
     "categoryId": "61aa173cdfbb03c07550ae16",
     "categoryImageUrl": "https://cdne-image-prod-samkaup.azureedge.net/images-cms/media/r02bbbqt/heimilisvoerur-1000-500-px.png",
     "level": 1
    },
    {
     "name": "Skóla-og skrifstofuvörur",
     "url": "/voerur/heimilisvoerur/skola-og-skrifstofuvoerur/",
     "categoryId": "61afa9a5bffe2443147fb13a",
     "categoryImageUrl": "https://cdne-image-prod-samkaup.azureedge.net/images-cms/media/otsmhl0j/skólavoerur-1000-500-px.png",
     "level": 2
    },
    {
     "name": "Skriffæri",
     "url": "/voerur/heimilisvoerur/skola-og-skrifstofuvoerur/skriffaeri/",
     "categoryId": "624c253fae8a756a4482ebb8",
     "categoryImageUrl": "https://cdne-image-prod-samkaup.azureedge.net/images-cms/media/bgbf4a3r/empty-top-100.png",
     "level": 3
    }
   ],
   "url": "/voerur/heimilisvoerur/skola-og-skrifstofuvoerur/skriffaeri/aherslupenni-gglur-p-10084889",
   "availableInStock": 0,
   "alwaysInStock": true
  },
  {
   "sku": "10084888",
   "displayName": "Áherslupenni Grænn",
   "brand": "Schneider",
   "weight": "",
   "country": "",
   "productTeaser": "",
   "salesPrice": 349.0,
   "pricePerUnit": null,
   "unitOfMeasure": null,
   "icons": [],
   "hazardLabels": [],
   "imageUrl": "https://cdne-image-prod-samkaup.azureedge.net/images-pim/10084888/10084888.jpg",
   "offer": null,
   "bonus": null,
   "breadcrumbs": [
    {
     "name": "Vörur",
     "url": "/voerur/",
     "categoryId": null,
     "categoryImageUrl": "https://cdne-image-prod-samkaup.azureedge.net/images-cms/media/0btnugbh/fruits-and-vegetables-768x512.jpg",
     "level": 0
    },
    {
     "name": "Heimilisvörur",
     "url": "/voerur/heimilisvoerur/",
     "categoryId": "61aa173cdfbb03c07550ae16",
     "categoryImageUrl": "https://cdne-image-prod-samkaup.azureedge.net/images-cms/media/r02bbbqt/heimilisvoerur-1000-500-px.png",
     "level": 1
    },
    {
     "name": "Skóla-og skrifstofuvörur",
     "url": "/voerur/heimilisvoerur/skola-og-skrifstofuvoerur/",
     "categoryId": "61afa9a5bffe2443147fb13a",
     "categoryImageUrl": "https://cdne-image-prod-samkaup.azureedge.net/images-cms/media/otsmhl0j/skólavoerur-1000-500-px.png",
     "level": 2
    },
    {
     "name": "Skriffæri",
     "url": "/voerur/heimilisvoerur/skola-og-skrifstofuvoerur/skriffaeri/",
     "categoryId": "624c253fae8a756a4482ebb8",
     "categoryImageUrl": "https://cdne-image-prod-samkaup.azureedge.net/images-cms/media/bgbf4a3r/empty-top-100.png",
     "level": 3
    }
   ],
   "url": "/voerur/heimilisvoerur/skola-og-skrifstofuvoerur/skriffaeri/aherslupenni-graenn-p-10084888",
   "availableInStock": 0,
   "alwaysInStock": true
  },
  {
   "sku": "10084886",
   "displayName": "Áherslupenni Rauður",
   "brand": "Schneider",
   "weight": "",
   "country": "",
   "productTeaser": "",
   "salesPrice": 349.0,
   "pricePerUnit": null,
   "unitOfMeasure": null,
   "icons": [],
   "hazardLabels": [],
   "imageUrl": "https://cdne-image-prod-samkaup.azureedge.net/images-pim/10084886/10084886.jpg",
   "offer": null,
   "bonus": null,
   "breadcrumbs": [
    {
     "name": "Vörur",
     "url": "/voerur/",
     "categoryId": null,
     "categoryImageUrl": "https://cdne-image-prod-samkaup.azureedge.net/images-cms/media/0btnugbh/fruits-and-vegetables-768x512.jpg",
     "level": 0
    },
    {
     "name": "Heimilisvörur",
     "url": "/voerur/heimilisvoerur/",
     "categoryId": "61aa173cdfbb03c07550ae16",
     "categoryImageUrl": "https://cdne-image-prod-samkaup.azureedge.net/images-cms/media/r02bbbqt/heimilisvoerur-1000-500-px.png",
     "level": 1
    },
    {
     "name": "Skóla-og skrifstofuvörur",
     "url": "/voerur/heimilisvoerur/skola-og-skrifstofuvoerur/",
     "categoryId": "61afa9a5bffe2443147fb13a",
     "categoryImageUrl": "https://cdne-image-prod-samkaup.azureedge.net/images-cms/media/otsmhl0j/skólavoerur-1000-500-px.png",
     "level": 2
    },
    {
     "name": "Skriffæri",
     "url": "/voerur/heimilisvoerur/skola-og-skrifstofuvoerur/skriffaeri/",
     "categoryId": "624c253fae8a756a4482ebb8",
     "categoryImageUrl": "https://cdne-image-prod-samkaup.azureedge.net/images-cms/media/bgbf4a3r/empty-top-100.png",
     "level": 3
    }
   ],
   "url": "/voerur/heimilisvoerur/skola-og-skrifstofuvoerur/skriffaeri/aherslupenni-raudur-p-10084886",
   "availableInStock": 0,
   "alwaysInStock": true
  },
  {
   "sku": "30202810",
   "displayName": "Ál Panna",
   "brand": "Maku",
   "weight": "",
   "country": "CN",
   "productTeaser": "Með Viðarskafti",
   "salesPrice": 6869.0,
   "pricePerUnit": null,
   "unitOfMeasure": null,
   "icons": [],
   "hazardLabels": [],
   "imageUrl": "https://cdne-image-prod-samkaup.azureedge.net/images-pim/30202810/30202810.jpg",
   "offer": null,
   "bonus": null,
   "breadcrumbs": [
    {
     "name": "Vörur",
     "url": "/voerur/",
     "categoryId": null,
     "categoryImageUrl": "https://cdne-image-prod-samkaup.azureedge.net/images-cms/media/0btnugbh/fruits-and-vegetables-768x512.jpg",
     "level": 0
    },
    {
     "name": "Heimilisvörur",
     "url": "/voerur/heimilisvoerur/",
     "categoryId": "61aa173cdfbb03c07550ae16",
     "categoryImageUrl": "https://cdne-image-prod-samkaup.azureedge.net/images-cms/media/r02bbbqt/heimilisvoerur-1000-500-px.png",
     "level": 1
    },
    {
     "name": "Búsáhöld",
     "url": "/voerur/heimilisvoerur/busahoeld/",
     "categoryId": "61afa98d58952c9651e559fd",
     "categoryImageUrl": "https://cdne-image-prod-samkaup.azureedge.net/images-cms/media/uuwp3ewo/búsáhoeld-1000-500-px.png",
     "level": 2
    },
    {
     "name": "Pottar og pönnur",
     "url": "/voerur/heimilisvoerur/busahoeld/pottar-og-poennur/",
     "categoryId": "624c2245ae8a756a4482eb87",
     "categoryImageUrl": "https://cdne-image-prod-samkaup.azureedge.net/images-cms/media/bgbf4a3r/empty-top-100.png",
     "level": 3
    }
   ],
   "url": "/voerur/heimilisvoerur/busahoeld/pottar-og-poennur/al-panna-p-30202810",
   "availableInStock": 6,
   "alwaysInStock": false
  },
  {
   "sku": "30163474",
   "displayName": "Álform 1.1 ltr.",
   "brand": "Coop",
   "weight": "",
   "country": "DK",
   "productTeaser": "5 stk.",
   "salesPrice": 399.0,
   "pricePerUnit": null,
   "unitOfMeasure": null,
   "icons": [],
   "hazardLabels": [],
   "imageUrl": "https://cdne-image-prod-samkaup.azureedge.net/images-pim/30163474/30163474.png",
   "offer": null,
   "bonus": null,
   "breadcrumbs": [
    {
     "name": "Vörur",
     "url": "/voerur/",
     "categoryId": null,
     "categoryImageUrl": "https://cdne-image-prod-samkaup.azureedge.net/images-cms/media/0btnugbh/fruits-and-vegetables-768x512.jpg",
     "level": 0
    },
    {
     "name": "Heimilisvörur",
     "url": "/voerur/heimilisvoerur/",
     "categoryId": "61aa173cdfbb03c07550ae16",
     "categoryImageUrl": "https://cdne-image-prod-samkaup.azureedge.net/images-cms/media/r02bbbqt/heimilisvoerur-1000-500-px.png",
     "level": 1
    },
    {
     "name": "Ál, plast og einnotavörur",
     "url": "/voerur/heimilisvoerur/al-plast-og-einnotavoerur/",
     "categoryId": "61afa99dbffe2443147fb139",
     "categoryImageUrl": "https://cdne-image-prod-samkaup.azureedge.net/images-cms/media/rhgjq5n5/álpappir-1000-500-px.png",
     "level": 2
    },
    {
     "name": "Álform",
     "url": "/voerur/heimilisvoerur/al-plast-og-einnotavoerur/alform/",
     "categoryId": "624c238e061b04309fa3f423",
     "categoryImageUrl": "https://cdne-image-prod-samkaup.azureedge.net/images-cms/media/bgbf4a3r/empty-top-100.png",
     "level": 3
    }
   ],
   "url": "/voerur/heimilisvoerur/al-plast-og-einnotavoerur/alform/alform-1-1-ltr-p-30163474",
   "availableInStock": 6,
   "alwaysInStock": false
  },
  {
   "sku": "30163475",
   "displayName": "Álform 2.2 ltr.",
   "brand": "Coop",
   "weight": "",
   "country": "CN",
   "productTeaser": "3 stk.",
   "salesPrice": 399.0,
   "pricePerUnit": null,
   "unitOfMeasure": null,
   "icons": [],
   "hazardLabels": [],
   "imageUrl": "https://cdne-image-prod-samkaup.azureedge.net/images-pim/30163475/30163475.png",
   "offer": null,
   "bonus": null,
   "breadcrumbs": [
    {
     "name": "Vörur",
     "url": "/voerur/",
     "categoryId": null,
     "categoryImageUrl": "https://cdne-image-prod-samkaup.azureedge.net/images-cms/media/0btnugbh/fruits-and-vegetables-768x512.jpg",
     "level": 0
    },
    {
     "name": "Heimilisvörur",
     "url": "/voerur/heimilisvoerur/",
     "categoryId": "61aa173cdfbb03c07550ae16",
     "categoryImageUrl": "https://cdne-image-prod-samkaup.azureedge.net/images-cms/media/r02bbbqt/heimilisvoerur-1000-500-px.png",
     "level": 1
    },
    {
     "name": "Ál, plast og einnotavörur",
     "url": "/voerur/heimilisvoerur/al-plast-og-einnotavoerur/",
     "categoryId": "61afa99dbffe2443147fb139",
     "categoryImageUrl": "https://cdne-image-prod-samkaup.azureedge.net/images-cms/media/rhgjq5n5/álpappir-1000-500-px.png",
     "level": 2
    },
    {
     "name": "Álform",
     "url": "/voerur/heimilisvoerur/al-plast-og-einnotavoerur/alform/",
     "categoryId": "624c238e061b04309fa3f423",
     "categoryImageUrl": "https://cdne-image-prod-samkaup.azureedge.net/images-cms/media/bgbf4a3r/empty-top-100.png",
     "level": 3
    }
   ],
   "url": "/voerur/heimilisvoerur/al-plast-og-einnotavoerur/alform/alform-2-2-ltr-p-30163475",
   "availableInStock": 10,
   "alwaysInStock": false
  },
  {
   "sku": "30163476",
   "displayName": "Álform 500 ml.",
   "brand": "Coop",
   "weight": "",
   "country": "DK",
   "productTeaser": "8 stk.",
   "salesPrice": 299.0,
   "pricePerUnit": null,
   "unitOfMeasure": null,
   "icons": [],
   "hazardLabels": [],
   "imageUrl": "https://cdne-image-prod-samkaup.azureedge.net/images-pim/30163476/30163476.png",
   "offer": null,
   "bonus": null,
   "breadcrumbs": [
    {
     "name": "Vörur",
     "url": "/voerur/",
     "categoryId": null,
     "categoryImageUrl": "https://cdne-image-prod-samkaup.azureedge.net/images-cms/media/0btnugbh/fruits-and-vegetables-768x512.jpg",
     "level": 0
    },
    {
     "name": "Heimilisvörur",
     "url": "/voerur/heimilisvoerur/",
     "categoryId": "61aa173cdfbb03c07550ae16",
     "categoryImageUrl": "https://cdne-image-prod-samkaup.azureedge.net/images-cms/media/r02bbbqt/heimilisvoerur-1000-500-px.png",
     "level": 1
    },
    {
     "name": "Ál, plast og einnotavörur",
     "url": "/voerur/heimilisvoerur/al-plast-og-einnotavoerur/",
     "categoryId": "61afa99dbffe2443147fb139",
     "categoryImageUrl": "https://cdne-image-prod-samkaup.azureedge.net/images-cms/media/rhgjq5n5/álpappir-1000-500-px.png",
     "level": 2
    },
    {
     "name": "Álform",
     "url": "/voerur/heimilisvoerur/al-plast-og-einnotavoerur/alform/",
     "categoryId": "624c238e061b04309fa3f423",
     "categoryImageUrl": "https://cdne-image-prod-samkaup.azureedge.net/images-cms/media/bgbf4a3r/empty-top-100.png",
     "level": 3
    }
   ],
   "url": "/voerur/heimilisvoerur/al-plast-og-einnotavoerur/alform/alform-500-ml-p-30163476",
   "availableInStock": 16,
   "alwaysInStock": false
  },
  {
   "sku": "30163473",
   "displayName": "Álform 900 ml.",
   "brand": "Coop",
   "weight": "",
   "country": "DK",
   "productTeaser": "8 stk.",
   "salesPrice": 399.0,
   "pricePerUnit": null,
   "unitOfMeasure": null,
   "icons": [],
   "hazardLabels": [],
   "imageUrl": "https://cdne-image-prod-samkaup.azureedge.net/images-pim/30163473/30163473.png",
   "offer": null,
   "bonus": null,
   "breadcrumbs": [
    {
     "name": "Vörur",
     "url": "/voerur/",
     "categoryId": null,
     "categoryImageUrl": "https://cdne-image-prod-samkaup.azureedge.net/images-cms/media/0btnugbh/fruits-and-vegetables-768x512.jpg",
     "level": 0
    },
    {
     "name": "Heimilisvörur",
     "url": "/voerur/heimilisvoerur/",
     "categoryId": "61aa173cdfbb03c07550ae16",
     "categoryImageUrl": "https://cdne-image-prod-samkaup.azureedge.net/images-cms/media/r02bbbqt/heimilisvoerur-1000-500-px.png",
     "level": 1
    },
    {
     "name": "Ál, plast og einnotavörur",
     "url": "/voerur/heimilisvoerur/al-plast-og-einnotavoerur/",
     "categoryId": "61afa99dbffe2443147fb139",
     "categoryImageUrl": "https://cdne-image-prod-samkaup.azureedge.net/images-cms/media/rhgjq5n5/álpappir-1000-500-px.png",
     "level": 2
    },
    {
     "name": "Álform",
     "url": "/voerur/heimilisvoerur/al-plast-og-einnotavoerur/alform/",
     "categoryId": "624c238e061b04309fa3f423",
     "categoryImageUrl": "https://cdne-image-prod-samkaup.azureedge.net/images-cms/media/bgbf4a3r/empty-top-100.png",
     "level": 3
    }
   ],
   "url": "/voerur/heimilisvoerur/al-plast-og-einnotavoerur/alform/alform-900-ml-p-30163473",
   "availableInStock": 7,
   "alwaysInStock": false
  },
  {
   "sku": "30163477",
   "displayName": "Álfrom Hringlaga 1.25 ltr.",
   "brand": "Coop",
   "weight": "",
   "country": "DK",
   "productTeaser": "4 stk.",
   "salesPrice": 229.0,
   "pricePerUnit": null,
   "unitOfMeasure": null,
   "icons": [],
   "hazardLabels": [],
   "imageUrl": "https://cdne-image-prod-samkaup.azureedge.net/images-pim/30163477/30163477.png",
   "offer": null,
   "bonus": null,
   "breadcrumbs": [
    {
     "name": "Vörur",
     "url": "/voerur/",
     "categoryId": null,
     "categoryImageUrl": "https://cdne-image-prod-samkaup.azureedge.net/images-cms/media/0btnugbh/fruits-and-vegetables-768x512.jpg",
     "level": 0
    },
    {
     "name": "Heimilisvörur",
     "url": "/voerur/heimilisvoerur/",
     "categoryId": "61aa173cdfbb03c07550ae16",
     "categoryImageUrl": "https://cdne-image-prod-samkaup.azureedge.net/images-cms/media/r02bbbqt/heimilisvoerur-1000-500-px.png",
     "level": 1
    },
    {
     "name": "Ál, plast og einnotavörur",
     "url": "/voerur/heimilisvoerur/al-plast-og-einnotavoerur/",
     "categoryId": "61afa99dbffe2443147fb139",
     "categoryImageUrl": "https://cdne-image-prod-samkaup.azureedge.net/images-cms/media/rhgjq5n5/álpappir-1000-500-px.png",
     "level": 2
    },
    {
     "name": "Álform",
     "url": "/voerur/heimilisvoerur/al-plast-og-einnotavoerur/alform/",
     "categoryId": "624c238e061b04309fa3f423",
     "categoryImageUrl": "https://cdne-image-prod-samkaup.azureedge.net/images-cms/media/bgbf4a3r/empty-top-100.png",
     "level": 3
    }
   ],
   "url": "/voerur/heimilisvoerur/al-plast-og-einnotavoerur/alform/alfrom-hringlaga-1-25-ltr-p-30163477",
   "availableInStock": 12,
   "alwaysInStock": false
  },
  {
   "sku": "30199635",
   "displayName": "Álpappír 3 mtr.",
   "brand": "Polylina",
   "weight": "",
   "country": "GB",
   "productTeaser": "",
   "salesPrice": 299.0,
   "pricePerUnit": null,
   "unitOfMeasure": null,
   "icons": [],
   "hazardLabels": [],
   "imageUrl": "https://cdne-image-prod-samkaup.azureedge.net/images-pim/30199635/30199635.jpg",
   "offer": null,
   "bonus": null,
   "breadcrumbs": [
    {
     "name": "Vörur",
     "url": "/voerur/",
     "categoryId": null,
     "categoryImageUrl": "https://cdne-image-prod-samkaup.azureedge.net/images-cms/media/0btnugbh/fruits-and-vegetables-768x512.jpg",
     "level": 0
    },
    {
     "name": "Heimilisvörur",
     "url": "/voerur/heimilisvoerur/",
     "categoryId": "61aa173cdfbb03c07550ae16",
     "categoryImageUrl": "https://cdne-image-prod-samkaup.azureedge.net/images-cms/media/r02bbbqt/heimilisvoerur-1000-500-px.png",
     "level": 1
    },
    {
     "name": "Ál, plast og einnotavörur",
     "url": "/voerur/heimilisvoerur/al-plast-og-einnotavoerur/",
     "categoryId": "61afa99dbffe2443147fb139",
     "categoryImageUrl": "https://cdne-image-prod-samkaup.azureedge.net/images-cms/media/rhgjq5n5/álpappir-1000-500-px.png",
     "level": 2
    },
    {
     "name": "Álpappír",
     "url": "/voerur/heimilisvoerur/al-plast-og-einnotavoerur/alpappir/",
     "categoryId": "624c2389ae8a756a4482eb96",
     "categoryImageUrl": "https://cdne-image-prod-samkaup.azureedge.net/images-cms/media/bgbf4a3r/empty-top-100.png",
     "level": 3
    }
   ],
   "url": "/voerur/heimilisvoerur/al-plast-og-einnotavoerur/alpappir/alpappir-3-mtr-p-30199635",
   "availableInStock": 18,
   "alwaysInStock": false
  },
  {
   "sku": "30172939",
   "displayName": "Ávaxtapokar",
   "brand": "Coop",
   "weight": "",
   "country": "DK",
   "productTeaser": "10 stk",
   "salesPrice": 379.0,
   "pricePerUnit": null,
   "unitOfMeasure": null,
   "icons": [],
   "hazardLabels": [],
   "imageUrl": "https://cdne-image-prod-samkaup.azureedge.net/images-pim/30172939/30172939.png",
   "offer": null,
   "bonus": null,
   "breadcrumbs": [
    {
     "name": "Vörur",
     "url": "/voerur/",
     "categoryId": null,
     "categoryImageUrl": "https://cdne-image-prod-samkaup.azureedge.net/images-cms/media/0btnugbh/fruits-and-vegetables-768x512.jpg",
     "level": 0
    },
    {
     "name": "Heimilisvörur",
     "url": "/voerur/heimilisvoerur/",
     "categoryId": "61aa173cdfbb03c07550ae16",
     "categoryImageUrl": "https://cdne-image-prod-samkaup.azureedge.net/images-cms/media/r02bbbqt/heimilisvoerur-1000-500-px.png",
     "level": 1
    },
    {
     "name": "Pokar",
     "url": "/voerur/heimilisvoerur/pokar/",
     "categoryId": "61afa986c665e1cda6403bd4",
     "categoryImageUrl": "https://cdne-image-prod-samkaup.azureedge.net/images-cms/media/hxehog5s/pokar-1000-500-px.png",
     "level": 2
    },
    {
     "name": "Ávaxta- og grænmetispokar",
     "url": "/voerur/heimilisvoerur/pokar/avaxta-og-graenmetispokar/",
     "categoryId": "624c1f10d70c9cb51042ca3d",
     "categoryImageUrl": "https://cdne-image-prod-samkaup.azureedge.net/images-cms/media/bgbf4a3r/empty-top-100.png",
     "level": 3
    }
   ],
   "url": "/voerur/heimilisvoerur/pokar/avaxta-og-graenmetispokar/avaxtapokar-p-30172939",
   "availableInStock": 33,
   "alwaysInStock": false
  },
  {
   "sku": "30033337",
   "displayName": "Baðhreinsir",
   "brand": "Astonish",
   "weight": "750 ml.",
   "country": "GB",
   "productTeaser": "",
   "salesPrice": 319.0,
   "pricePerUnit": 425.0,
   "unitOfMeasure": "ltr.",
   "icons": [],
   "hazardLabels": [],
   "imageUrl": "https://cdne-image-prod-samkaup.azureedge.net/images-pim/30033337/30033337.jpg",
   "offer": null,
   "bonus": null,
   "breadcrumbs": [
    {
     "name": "Vörur",
     "url": "/voerur/",
     "categoryId": null,
     "categoryImageUrl": "https://cdne-image-prod-samkaup.azureedge.net/images-cms/media/0btnugbh/fruits-and-vegetables-768x512.jpg",
     "level": 0
    },
    {
     "name": "Heimilisvörur",
     "url": "/voerur/heimilisvoerur/",
     "categoryId": "61aa173cdfbb03c07550ae16",
     "categoryImageUrl": "https://cdne-image-prod-samkaup.azureedge.net/images-cms/media/r02bbbqt/heimilisvoerur-1000-500-px.png",
     "level": 1
    },
    {
     "name": "Hreinlætisvörur",
     "url": "/voerur/heimilisvoerur/hreinlaetisvoerur/",
     "categoryId": "61afa983bffe2443147fb138",
     "categoryImageUrl": "https://cdne-image-prod-samkaup.azureedge.net/images-cms/media/e1nfe2ng/hreinlaetisvoerur-1000-500-px.png",
     "level": 2
    },
    {
     "name": "Fyrir baðherbergið",
     "url": "/voerur/heimilisvoerur/hreinlaetisvoerur/fyrir-badherbergid/",
     "categoryId": "61afa9d858952c9651e55a02",
     "categoryImageUrl": "https://cdne-image-prod-samkaup.azureedge.net/images-cms/media/bgbf4a3r/empty-top-100.png",
     "level": 3
    }
   ],
   "url": "/voerur/heimilisvoerur/hreinlaetisvoerur/fyrir-badherbergid/badhreinsir-p-30033337",
   "availableInStock": 10,
   "alwaysInStock": false
  },
  {
   "sku": "30194082",
   "displayName": "Baðhreinsir",
   "brand": "Sonett",
   "weight": "500 ml.",
   "country": "",
   "productTeaser": "",
   "salesPrice": 829.0,
   "pricePerUnit": 1658.0,
   "unitOfMeasure": "ltr.",
   "icons": [
    "Vegan"
   ],
   "hazardLabels": [],
   "imageUrl": "https://cdne-image-prod-samkaup.azureedge.net/images-pim/30194082/30194082.jpg",
   "offer": null,
   "bonus": null,
   "breadcrumbs": [
    {
     "name": "Vörur",
     "url": "/voerur/",
     "categoryId": null,
     "categoryImageUrl": "https://cdne-image-prod-samkaup.azureedge.net/images-cms/media/0btnugbh/fruits-and-vegetables-768x512.jpg",
     "level": 0
    },
    {
     "name": "Heimilisvörur",
     "url": "/voerur/heimilisvoerur/",
     "categoryId": "61aa173cdfbb03c07550ae16",
     "categoryImageUrl": "https://cdne-image-prod-samkaup.azureedge.net/images-cms/media/r02bbbqt/heimilisvoerur-1000-500-px.png",
     "level": 1
    },
    {
     "name": "Hreinlætisvörur",
     "url": "/voerur/heimilisvoerur/hreinlaetisvoerur/",
     "categoryId": "61afa983bffe2443147fb138",
     "categoryImageUrl": "https://cdne-image-prod-samkaup.azureedge.net/images-cms/media/e1nfe2ng/hreinlaetisvoerur-1000-500-px.png",
     "level": 2
    },
    {
     "name": "Fyrir baðherbergið",
     "url": "/voerur/heimilisvoerur/hreinlaetisvoerur/fyrir-badherbergid/",
     "categoryId": "61afa9d858952c9651e55a02",
     "categoryImageUrl": "https://cdne-image-prod-samkaup.azureedge.net/images-cms/media/bgbf4a3r/empty-top-100.png",
     "level": 3
    }
   ],
   "url": "/voerur/heimilisvoerur/hreinlaetisvoerur/fyrir-badherbergid/badhreinsir-p-30194082",
   "availableInStock": 14,
   "alwaysInStock": false
  },
  {
   "sku": "30131585",
   "displayName": "Bakstursbox 1,5 ltr.",
   "brand": "Sistema",
   "weight": "",
   "country": "NZ",
   "productTeaser": "",
   "salesPrice": 1319.0,
   "pricePerUnit": null,
   "unitOfMeasure": null,
   "icons": [],
   "hazardLabels": [],
   "imageUrl": "https://cdne-image-prod-samkaup.azureedge.net/images-pim/30131585/30131585.jpg",
   "offer": null,
   "bonus": null,
   "breadcrumbs": [
    {
     "name": "Vörur",
     "url": "/voerur/",
     "categoryId": null,
     "categoryImageUrl": "https://cdne-image-prod-samkaup.azureedge.net/images-cms/media/0btnugbh/fruits-and-vegetables-768x512.jpg",
     "level": 0
    },
    {
     "name": "Heimilisvörur",
     "url": "/voerur/heimilisvoerur/",
     "categoryId": "61aa173cdfbb03c07550ae16",
     "categoryImageUrl": "https://cdne-image-prod-samkaup.azureedge.net/images-cms/media/r02bbbqt/heimilisvoerur-1000-500-px.png",
     "level": 1
    },
    {
     "name": "Búsáhöld",
     "url": "/voerur/heimilisvoerur/busahoeld/",
     "categoryId": "61afa98d58952c9651e559fd",
     "categoryImageUrl": "https://cdne-image-prod-samkaup.azureedge.net/images-cms/media/uuwp3ewo/búsáhoeld-1000-500-px.png",
     "level": 2
    },
    {
     "name": "Krukkur og ílát",
     "url": "/voerur/heimilisvoerur/busahoeld/krukkur-og-ilat/",
     "categoryId": "62695fb4a029622018e30283",
     "categoryImageUrl": "https://cdne-image-prod-samkaup.azureedge.net/images-cms/media/bgbf4a3r/empty-top-100.png",
     "level": 3
    }
   ],
   "url": "/voerur/heimilisvoerur/busahoeld/krukkur-og-ilat/bakstursbox-1-5-ltr-p-30131585",
   "availableInStock": 12,
   "alwaysInStock": false
  },
  {
   "sku": "30148716",
   "displayName": "Bakstursbox 2,4 ltr.",
   "brand": "Sistema",
   "weight": "",
   "country": "NZ",
   "productTeaser": "Bakery 2,4L",
   "salesPrice": 1519.0,
   "pricePerUnit": null,
   "unitOfMeasure": null,
   "icons": [],
   "hazardLabels": [],
   "imageUrl": "https://cdne-image-prod-samkaup.azureedge.net/images-pim/30148716/30148716.jpeg",
   "offer": null,
   "bonus": null,
   "breadcrumbs": [
    {
     "name": "Vörur",
     "url": "/voerur/",
     "categoryId": null,
     "categoryImageUrl": "https://cdne-image-prod-samkaup.azureedge.net/images-cms/media/0btnugbh/fruits-and-vegetables-768x512.jpg",
     "level": 0
    },
    {
     "name": "Heimilisvörur",
     "url": "/voerur/heimilisvoerur/",
     "categoryId": "61aa173cdfbb03c07550ae16",
     "categoryImageUrl": "https://cdne-image-prod-samkaup.azureedge.net/images-cms/media/r02bbbqt/heimilisvoerur-1000-500-px.png",
     "level": 1
    },
    {
     "name": "Búsáhöld",
     "url": "/voerur/heimilisvoerur/busahoeld/",
     "categoryId": "61afa98d58952c9651e559fd",
     "categoryImageUrl": "https://cdne-image-prod-samkaup.azureedge.net/images-cms/media/uuwp3ewo/búsáhoeld-1000-500-px.png",
     "level": 2
    },
    {
     "name": "Krukkur og ílát",
     "url": "/voerur/heimilisvoerur/busahoeld/krukkur-og-ilat/",
     "categoryId": "62695fb4a029622018e30283",
     "categoryImageUrl": "https://cdne-image-prod-samkaup.azureedge.net/images-cms/media/bgbf4a3r/empty-top-100.png",
     "level": 3
    }
   ],
   "url": "/voerur/heimilisvoerur/busahoeld/krukkur-og-ilat/bakstursbox-2-4-ltr-p-30148716",
   "availableInStock": 9,
   "alwaysInStock": false
  },
  {
   "sku": "30131594",
   "displayName": "Bakstursbox 3.25 ltr.",
   "brand": "Sistema",
   "weight": "",
   "country": "NZ",
   "productTeaser": "",
   "salesPrice": 1719.0,
   "pricePerUnit": null,
   "unitOfMeasure": null,
   "icons": [],
   "hazardLabels": [],
   "imageUrl": "https://cdne-image-prod-samkaup.azureedge.net/images-pim/30131594/30131594.jpg",
   "offer": null,
   "bonus": null,
   "breadcrumbs": [
    {
     "name": "Vörur",
     "url": "/voerur/",
     "categoryId": null,
     "categoryImageUrl": "https://cdne-image-prod-samkaup.azureedge.net/images-cms/media/0btnugbh/fruits-and-vegetables-768x512.jpg",
     "level": 0
    },
    {
     "name": "Heimilisvörur",
     "url": "/voerur/heimilisvoerur/",
     "categoryId": "61aa173cdfbb03c07550ae16",
     "categoryImageUrl": "https://cdne-image-prod-samkaup.azureedge.net/images-cms/media/r02bbbqt/heimilisvoerur-1000-500-px.png",
     "level": 1
    },
    {
     "name": "Búsáhöld",
     "url": "/voerur/heimilisvoerur/busahoeld/",
     "categoryId": "61afa98d58952c9651e559fd",
     "categoryImageUrl": "https://cdne-image-prod-samkaup.azureedge.net/images-cms/media/uuwp3ewo/búsáhoeld-1000-500-px.png",
     "level": 2
    },
    {
     "name": "Krukkur og ílát",
     "url": "/voerur/heimilisvoerur/busahoeld/krukkur-og-ilat/",
     "categoryId": "62695fb4a029622018e30283",
     "categoryImageUrl": "https://cdne-image-prod-samkaup.azureedge.net/images-cms/media/bgbf4a3r/empty-top-100.png",
     "level": 3
    }
   ],
   "url": "/voerur/heimilisvoerur/busahoeld/krukkur-og-ilat/bakstursbox-3-25-ltr-p-30131594",
   "availableInStock": 3,
   "alwaysInStock": false
  },
  {
   "sku": "30148715",
   "displayName": "Bakstursbox 685 ml.",
   "brand": "Sistema",
   "weight": "",
   "country": "NZ",
   "productTeaser": "",
   "salesPrice": 819.0,
   "pricePerUnit": null,
   "unitOfMeasure": null,
   "icons": [],
   "hazardLabels": [],
   "imageUrl": "https://cdne-image-prod-samkaup.azureedge.net/images-pim/30148715/30148715.jpg",
   "offer": null,
   "bonus": null,
   "breadcrumbs": [
    {
     "name": "Vörur",
     "url": "/voerur/",
     "categoryId": null,
     "categoryImageUrl": "https://cdne-image-prod-samkaup.azureedge.net/images-cms/media/0btnugbh/fruits-and-vegetables-768x512.jpg",
     "level": 0
    },
    {
     "name": "Heimilisvörur",
     "url": "/voerur/heimilisvoerur/",
     "categoryId": "61aa173cdfbb03c07550ae16",
     "categoryImageUrl": "https://cdne-image-prod-samkaup.azureedge.net/images-cms/media/r02bbbqt/heimilisvoerur-1000-500-px.png",
     "level": 1
    },
    {
     "name": "Búsáhöld",
     "url": "/voerur/heimilisvoerur/busahoeld/",
     "categoryId": "61afa98d58952c9651e559fd",
     "categoryImageUrl": "https://cdne-image-prod-samkaup.azureedge.net/images-cms/media/uuwp3ewo/búsáhoeld-1000-500-px.png",
     "level": 2
    },
    {
     "name": "Nestisbox",
     "url": "/voerur/heimilisvoerur/busahoeld/nestisbox/",
     "categoryId": "624c2224d70c9cb51042ca6d",
     "categoryImageUrl": "https://cdne-image-prod-samkaup.azureedge.net/images-cms/media/bgbf4a3r/empty-top-100.png",
     "level": 3
    }
   ],
   "url": "/voerur/heimilisvoerur/busahoeld/nestisbox/bakstursbox-685-ml-p-30148715",
   "availableInStock": 6,
   "alwaysInStock": false
  },
  {
   "sku": "30204502",
   "displayName": "Bakstursbox Tvískipt",
   "brand": "Sistem",
   "weight": "",
   "country": "NZ",
   "productTeaser": "630 ml.",
   "salesPrice": 619.0,
   "pricePerUnit": null,
   "unitOfMeasure": null,
   "icons": [],
   "hazardLabels": [],
   "imageUrl": "https://cdne-image-prod-samkaup.azureedge.net/images-pim/30204502/30204502.png",
   "offer": null,
   "bonus": null,
   "breadcrumbs": [
    {
     "name": "Vörur",
     "url": "/voerur/",
     "categoryId": null,
     "categoryImageUrl": "https://cdne-image-prod-samkaup.azureedge.net/images-cms/media/0btnugbh/fruits-and-vegetables-768x512.jpg",
     "level": 0
    },
    {
     "name": "Heimilisvörur",
     "url": "/voerur/heimilisvoerur/",
     "categoryId": "61aa173cdfbb03c07550ae16",
     "categoryImageUrl": "https://cdne-image-prod-samkaup.azureedge.net/images-cms/media/r02bbbqt/heimilisvoerur-1000-500-px.png",
     "level": 1
    },
    {
     "name": "Búsáhöld",
     "url": "/voerur/heimilisvoerur/busahoeld/",
     "categoryId": "61afa98d58952c9651e559fd",
     "categoryImageUrl": "https://cdne-image-prod-samkaup.azureedge.net/images-cms/media/uuwp3ewo/búsáhoeld-1000-500-px.png",
     "level": 2
    },
    {
     "name": "Krukkur og ílát",
     "url": "/voerur/heimilisvoerur/busahoeld/krukkur-og-ilat/",
     "categoryId": "62695fb4a029622018e30283",
     "categoryImageUrl": "https://cdne-image-prod-samkaup.azureedge.net/images-cms/media/bgbf4a3r/empty-top-100.png",
     "level": 3
    }
   ],
   "url": "/voerur/heimilisvoerur/busahoeld/krukkur-og-ilat/bakstursbox-tviskipt-p-30204502",
   "availableInStock": 16,
   "alwaysInStock": false
  },
  {
   "sku": "30042631",
   "displayName": "Bamboo Chopsticks",
   "brand": "Blue Dragon",
   "weight": "100 gr.",
   "country": "",
   "productTeaser": "",
   "salesPrice": 249.0,
   "pricePerUnit": 2490.0,
   "unitOfMeasure": "kg.",
   "icons": [],
   "hazardLabels": [],
   "imageUrl": "https://cdne-image-prod-samkaup.azureedge.net/images-pim/30042631/30042631.png",
   "offer": null,
   "bonus": null,
   "breadcrumbs": [
    {
     "name": "Vörur",
     "url": "/voerur/",
     "categoryId": null,
     "categoryImageUrl": "https://cdne-image-prod-samkaup.azureedge.net/images-cms/media/0btnugbh/fruits-and-vegetables-768x512.jpg",
     "level": 0
    },
    {
     "name": "Heimilisvörur",
     "url": "/voerur/heimilisvoerur/",
     "categoryId": "61aa173cdfbb03c07550ae16",
     "categoryImageUrl": "https://cdne-image-prod-samkaup.azureedge.net/images-cms/media/r02bbbqt/heimilisvoerur-1000-500-px.png",
     "level": 1
    },
    {
     "name": "Búsáhöld",
     "url": "/voerur/heimilisvoerur/busahoeld/",
     "categoryId": "61afa98d58952c9651e559fd",
     "categoryImageUrl": "https://cdne-image-prod-samkaup.azureedge.net/images-cms/media/uuwp3ewo/búsáhoeld-1000-500-px.png",
     "level": 2
    },
    {
     "name": "Hnífapör",
     "url": "/voerur/heimilisvoerur/busahoeld/hnifapoer/",
     "categoryId": "624da256ae8a756a44830d1e",
     "categoryImageUrl": "https://cdne-image-prod-samkaup.azureedge.net/images-cms/media/bgbf4a3r/empty-top-100.png",
     "level": 3
    }
   ],
   "url": "/voerur/heimilisvoerur/busahoeld/hnifapoer/bamboo-chopsticks-p-30042631",
   "availableInStock": 13,
   "alwaysInStock": false
  },
  {
   "sku": "30189251",
   "displayName": "Bamboo Gafflar",
   "brand": "Maku",
   "weight": "",
   "country": "CN",
   "productTeaser": "10 stk.",
   "salesPrice": 619.0,
   "pricePerUnit": null,
   "unitOfMeasure": null,
   "icons": [],
   "hazardLabels": [],
   "imageUrl": "https://cdne-image-prod-samkaup.azureedge.net/images-pim/30189251/30189251.jpg",
   "offer": null,
   "bonus": null,
   "breadcrumbs": [
    {
     "name": "Vörur",
     "url": "/voerur/",
     "categoryId": null,
     "categoryImageUrl": "https://cdne-image-prod-samkaup.azureedge.net/images-cms/media/0btnugbh/fruits-and-vegetables-768x512.jpg",
     "level": 0
    },
    {
     "name": "Heimilisvörur",
     "url": "/voerur/heimilisvoerur/",
     "categoryId": "61aa173cdfbb03c07550ae16",
     "categoryImageUrl": "https://cdne-image-prod-samkaup.azureedge.net/images-cms/media/r02bbbqt/heimilisvoerur-1000-500-px.png",
     "level": 1
    },
    {
     "name": "Búsáhöld",
     "url": "/voerur/heimilisvoerur/busahoeld/",
     "categoryId": "61afa98d58952c9651e559fd",
     "categoryImageUrl": "https://cdne-image-prod-samkaup.azureedge.net/images-cms/media/uuwp3ewo/búsáhoeld-1000-500-px.png",
     "level": 2
    },
    {
     "name": "Hnífapör",
     "url": "/voerur/heimilisvoerur/busahoeld/hnifapoer/",
     "categoryId": "624da256ae8a756a44830d1e",
     "categoryImageUrl": "https://cdne-image-prod-samkaup.azureedge.net/images-cms/media/bgbf4a3r/empty-top-100.png",
     "level": 3
    }
   ],
   "url": "/voerur/heimilisvoerur/busahoeld/hnifapoer/bamboo-gafflar-p-30189251",
   "availableInStock": 21,
   "alwaysInStock": false
  },
  {
   "sku": "30189267",
   "displayName": "Bamboo Hnífar",
   "brand": "Maku",
   "weight": "",
   "country": "CN",
   "productTeaser": "10 stk.",
   "salesPrice": 619.0,
   "pricePerUnit": null,
   "unitOfMeasure": null,
   "icons": [],
   "hazardLabels": [],
   "imageUrl": "https://cdne-image-prod-samkaup.azureedge.net/images-pim/30189267/30189267.jpg",
   "offer": null,
   "bonus": null,
   "breadcrumbs": [
    {
     "name": "Vörur",
     "url": "/voerur/",
     "categoryId": null,
     "categoryImageUrl": "https://cdne-image-prod-samkaup.azureedge.net/images-cms/media/0btnugbh/fruits-and-vegetables-768x512.jpg",
     "level": 0
    },
    {
     "name": "Heimilisvörur",
     "url": "/voerur/heimilisvoerur/",
     "categoryId": "61aa173cdfbb03c07550ae16",
     "categoryImageUrl": "https://cdne-image-prod-samkaup.azureedge.net/images-cms/media/r02bbbqt/heimilisvoerur-1000-500-px.png",
     "level": 1
    },
    {
     "name": "Búsáhöld",
     "url": "/voerur/heimilisvoerur/busahoeld/",
     "categoryId": "61afa98d58952c9651e559fd",
     "categoryImageUrl": "https://cdne-image-prod-samkaup.azureedge.net/images-cms/media/uuwp3ewo/búsáhoeld-1000-500-px.png",
     "level": 2
    },
    {
     "name": "Hnífapör",
     "url": "/voerur/heimilisvoerur/busahoeld/hnifapoer/",
     "categoryId": "624da256ae8a756a44830d1e",
     "categoryImageUrl": "https://cdne-image-prod-samkaup.azureedge.net/images-cms/media/bgbf4a3r/empty-top-100.png",
     "level": 3
    }
   ],
   "url": "/voerur/heimilisvoerur/busahoeld/hnifapoer/bamboo-hnifar-p-30189267",
   "availableInStock": 29,
   "alwaysInStock": false
  },
  {
   "sku": "30169378",
   "displayName": "Bambus Skeið",
   "brand": "Maku",
   "weight": "40 gr.",
   "country": "CN",
   "productTeaser": "",
   "salesPrice": 1019.0,
   "pricePerUnit": 25475.0,
   "unitOfMeasure": "kg.",
   "icons": [],
   "hazardLabels": [],
   "imageUrl": "https://cdne-image-prod-samkaup.azureedge.net/images-pim/30169378/30169378.jpg",
   "offer": null,
   "bonus": null,
   "breadcrumbs": [
    {
     "name": "Vörur",
     "url": "/voerur/",
     "categoryId": null,
     "categoryImageUrl": "https://cdne-image-prod-samkaup.azureedge.net/images-cms/media/0btnugbh/fruits-and-vegetables-768x512.jpg",
     "level": 0
    },
    {
     "name": "Heimilisvörur",
     "url": "/voerur/heimilisvoerur/",
     "categoryId": "61aa173cdfbb03c07550ae16",
     "categoryImageUrl": "https://cdne-image-prod-samkaup.azureedge.net/images-cms/media/r02bbbqt/heimilisvoerur-1000-500-px.png",
     "level": 1
    },
    {
     "name": "Búsáhöld",
     "url": "/voerur/heimilisvoerur/busahoeld/",
     "categoryId": "61afa98d58952c9651e559fd",
     "categoryImageUrl": "https://cdne-image-prod-samkaup.azureedge.net/images-cms/media/uuwp3ewo/búsáhoeld-1000-500-px.png",
     "level": 2
    },
    {
     "name": "Eldunaráhöld",
     "url": "/voerur/heimilisvoerur/busahoeld/eldunarahoeld/",
     "categoryId": "624c221e7878f380ce845a20",
     "categoryImageUrl": "https://cdne-image-prod-samkaup.azureedge.net/images-cms/media/bgbf4a3r/empty-top-100.png",
     "level": 3
    }
   ],
   "url": "/voerur/heimilisvoerur/busahoeld/eldunarahoeld/bambus-skeid-p-30169378",
   "availableInStock": 7,
   "alwaysInStock": false
  },
  {
   "sku": "30201808",
   "displayName": "Bambus Skurðarbretti",
   "brand": "Maku",
   "weight": "61 gr.",
   "country": "CN",
   "productTeaser": "30 x 20 x 1,6 cm.",
   "salesPrice": 1019.0,
   "pricePerUnit": 16705.0,
   "unitOfMeasure": "kg.",
   "icons": [],
   "hazardLabels": [],
   "imageUrl": "https://cdne-image-prod-samkaup.azureedge.net/images-pim/30201808/30201808.jpg",
   "offer": null,
   "bonus": null,
   "breadcrumbs": [
    {
     "name": "Vörur",
     "url": "/voerur/",
     "categoryId": null,
     "categoryImageUrl": "https://cdne-image-prod-samkaup.azureedge.net/images-cms/media/0btnugbh/fruits-and-vegetables-768x512.jpg",
     "level": 0
    },
    {
     "name": "Heimilisvörur",
     "url": "/voerur/heimilisvoerur/",
     "categoryId": "61aa173cdfbb03c07550ae16",
     "categoryImageUrl": "https://cdne-image-prod-samkaup.azureedge.net/images-cms/media/r02bbbqt/heimilisvoerur-1000-500-px.png",
     "level": 1
    },
    {
     "name": "Búsáhöld",
     "url": "/voerur/heimilisvoerur/busahoeld/",
     "categoryId": "61afa98d58952c9651e559fd",
     "categoryImageUrl": "https://cdne-image-prod-samkaup.azureedge.net/images-cms/media/uuwp3ewo/búsáhoeld-1000-500-px.png",
     "level": 2
    },
    {
     "name": "Bakkar og bretti",
     "url": "/voerur/heimilisvoerur/busahoeld/bakkar-og-bretti/",
     "categoryId": "62696017ca2a16fd0a77a9bb",
     "categoryImageUrl": "https://cdne-image-prod-samkaup.azureedge.net/images-cms/media/bgbf4a3r/empty-top-100.png",
     "level": 3
    }
   ],
   "url": "/voerur/heimilisvoerur/busahoeld/bakkar-og-bretti/bambus-skurdarbretti-p-30201808",
   "availableInStock": 9,
   "alwaysInStock": false
  },
  {
   "sku": "30201813",
   "displayName": "Bambus Skurðarbretti",
   "brand": "Maku",
   "weight": "140 gr.",
   "country": "CN",
   "productTeaser": "40x30x1,6 Cm.",
   "salesPrice": 2019.0,
   "pricePerUnit": 14421.0,
   "unitOfMeasure": "kg.",
   "icons": [],
   "hazardLabels": [],
   "imageUrl": "https://cdne-image-prod-samkaup.azureedge.net/images-pim/30201813/30201813.jpg",
   "offer": null,
   "bonus": null,
   "breadcrumbs": [
    {
     "name": "Vörur",
     "url": "/voerur/",
     "categoryId": null,
     "categoryImageUrl": "https://cdne-image-prod-samkaup.azureedge.net/images-cms/media/0btnugbh/fruits-and-vegetables-768x512.jpg",
     "level": 0
    },
    {
     "name": "Heimilisvörur",
     "url": "/voerur/heimilisvoerur/",
     "categoryId": "61aa173cdfbb03c07550ae16",
     "categoryImageUrl": "https://cdne-image-prod-samkaup.azureedge.net/images-cms/media/r02bbbqt/heimilisvoerur-1000-500-px.png",
     "level": 1
    },
    {
     "name": "Búsáhöld",
     "url": "/voerur/heimilisvoerur/busahoeld/",
     "categoryId": "61afa98d58952c9651e559fd",
     "categoryImageUrl": "https://cdne-image-prod-samkaup.azureedge.net/images-cms/media/uuwp3ewo/búsáhoeld-1000-500-px.png",
     "level": 2
    },
    {
     "name": "Bakkar og bretti",
     "url": "/voerur/heimilisvoerur/busahoeld/bakkar-og-bretti/",
     "categoryId": "62696017ca2a16fd0a77a9bb",
     "categoryImageUrl": "https://cdne-image-prod-samkaup.azureedge.net/images-cms/media/bgbf4a3r/empty-top-100.png",
     "level": 3
    }
   ],
   "url": "/voerur/heimilisvoerur/busahoeld/bakkar-og-bretti/bambus-skurdarbretti-p-30201813",
   "availableInStock": 9,
   "alwaysInStock": false
  },
  {
   "sku": "30205922",
   "displayName": "Bambusplatti 27 x 18cm.",
   "brand": "Maku",
   "weight": "",
   "country": "CN",
   "productTeaser": "",
   "salesPrice": 919.0,
   "pricePerUnit": null,
   "unitOfMeasure": null,
   "icons": [],
   "hazardLabels": [],
   "imageUrl": "https://cdne-image-prod-samkaup.azureedge.net/images-pim/30205922/30205922.jpg",
   "offer": null,
   "bonus": null,
   "breadcrumbs": [
    {
     "name": "Vörur",
     "url": "/voerur/",
     "categoryId": null,
     "categoryImageUrl": "https://cdne-image-prod-samkaup.azureedge.net/images-cms/media/0btnugbh/fruits-and-vegetables-768x512.jpg",
     "level": 0
    },
    {
     "name": "Heimilisvörur",
     "url": "/voerur/heimilisvoerur/",
     "categoryId": "61aa173cdfbb03c07550ae16",
     "categoryImageUrl": "https://cdne-image-prod-samkaup.azureedge.net/images-cms/media/r02bbbqt/heimilisvoerur-1000-500-px.png",
     "level": 1
    },
    {
     "name": "Búsáhöld",
     "url": "/voerur/heimilisvoerur/busahoeld/",
     "categoryId": "61afa98d58952c9651e559fd",
     "categoryImageUrl": "https://cdne-image-prod-samkaup.azureedge.net/images-cms/media/uuwp3ewo/búsáhoeld-1000-500-px.png",
     "level": 2
    },
    {
     "name": "Bakkar og bretti",
     "url": "/voerur/heimilisvoerur/busahoeld/bakkar-og-bretti/",
     "categoryId": "62696017ca2a16fd0a77a9bb",
     "categoryImageUrl": "https://cdne-image-prod-samkaup.azureedge.net/images-cms/media/bgbf4a3r/empty-top-100.png",
     "level": 3
    }
   ],
   "url": "/voerur/heimilisvoerur/busahoeld/bakkar-og-bretti/bambusplatti-27-x-18cm-p-30205922",
   "availableInStock": 7,
   "alwaysInStock": false
  },
  {
   "sku": "30174020",
   "displayName": "Barnakökukefli",
   "brand": "Maku",
   "weight": "",
   "country": "PL",
   "productTeaser": "23 cm.",
   "salesPrice": 379.0,
   "pricePerUnit": null,
   "unitOfMeasure": null,
   "icons": [],
   "hazardLabels": [],
   "imageUrl": "https://cdne-image-prod-samkaup.azureedge.net/images-pim/30174020/30174020.jpg",
   "offer": null,
   "bonus": null,
   "breadcrumbs": [
    {
     "name": "Vörur",
     "url": "/voerur/",
     "categoryId": null,
     "categoryImageUrl": "https://cdne-image-prod-samkaup.azureedge.net/images-cms/media/0btnugbh/fruits-and-vegetables-768x512.jpg",
     "level": 0
    },
    {
     "name": "Heimilisvörur",
     "url": "/voerur/heimilisvoerur/",
     "categoryId": "61aa173cdfbb03c07550ae16",
     "categoryImageUrl": "https://cdne-image-prod-samkaup.azureedge.net/images-cms/media/r02bbbqt/heimilisvoerur-1000-500-px.png",
     "level": 1
    },
    {
     "name": "Búsáhöld",
     "url": "/voerur/heimilisvoerur/busahoeld/",
     "categoryId": "61afa98d58952c9651e559fd",
     "categoryImageUrl": "https://cdne-image-prod-samkaup.azureedge.net/images-cms/media/uuwp3ewo/búsáhoeld-1000-500-px.png",
     "level": 2
    },
    {
     "name": "Bökunaráhöld",
     "url": "/voerur/heimilisvoerur/busahoeld/boekunarahoeld/",
     "categoryId": "624c223bd70c9cb51042ca6f",
     "categoryImageUrl": "https://cdne-image-prod-samkaup.azureedge.net/images-cms/media/bgbf4a3r/empty-top-100.png",
     "level": 3
    }
   ],
   "url": "/voerur/heimilisvoerur/busahoeld/boekunarahoeld/barnakokukefli-p-30174020",
   "availableInStock": 11,
   "alwaysInStock": false
  },
  {
   "sku": "30206167",
   "displayName": "Bio Ruslapokar",
   "brand": null,
   "weight": "",
   "country": "FI",
   "productTeaser": "15 stk. 20 ltr.",
   "salesPrice": 489.0,
   "pricePerUnit": null,
   "unitOfMeasure": null,
   "icons": [],
   "hazardLabels": [],
   "imageUrl": "https://cdne-image-prod-samkaup.azureedge.net/images-pim/30206167/30206167.png",
   "offer": null,
   "bonus": null,
   "breadcrumbs": [
    {
     "name": "Vörur",
     "url": "/voerur/",
     "categoryId": null,
     "categoryImageUrl": "https://cdne-image-prod-samkaup.azureedge.net/images-cms/media/0btnugbh/fruits-and-vegetables-768x512.jpg",
     "level": 0
    },
    {
     "name": "Heimilisvörur",
     "url": "/voerur/heimilisvoerur/",
     "categoryId": "61aa173cdfbb03c07550ae16",
     "categoryImageUrl": "https://cdne-image-prod-samkaup.azureedge.net/images-cms/media/r02bbbqt/heimilisvoerur-1000-500-px.png",
     "level": 1
    },
    {
     "name": "Pokar",
     "url": "/voerur/heimilisvoerur/pokar/",
     "categoryId": "61afa986c665e1cda6403bd4",
     "categoryImageUrl": "https://cdne-image-prod-samkaup.azureedge.net/images-cms/media/hxehog5s/pokar-1000-500-px.png",
     "level": 2
    },
    {
     "name": "Ruslapokar",
     "url": "/voerur/heimilisvoerur/pokar/ruslapokar/",
     "categoryId": "624c1ed07878f380ce8459e2",
     "categoryImageUrl": "https://cdne-image-prod-samkaup.azureedge.net/images-cms/media/bgbf4a3r/empty-top-100.png",
     "level": 3
    }
   ],
   "url": "/voerur/heimilisvoerur/pokar/ruslapokar/bio-ruslapokar-p-30206167",
   "availableInStock": 21,
   "alwaysInStock": false
  },
  {
   "sku": "30206185",
   "displayName": "Bio Ruslapokar",
   "brand": null,
   "weight": "",
   "country": "FI",
   "productTeaser": "10 stk. 30 ltr.",
   "salesPrice": 499.0,
   "pricePerUnit": null,
   "unitOfMeasure": null,
   "icons": [],
   "hazardLabels": [],
   "imageUrl": "https://cdne-image-prod-samkaup.azureedge.net/images-pim/30206185/30206185.png",
   "offer": null,
   "bonus": null,
   "breadcrumbs": [
    {
     "name": "Vörur",
     "url": "/voerur/",
     "categoryId": null,
     "categoryImageUrl": "https://cdne-image-prod-samkaup.azureedge.net/images-cms/media/0btnugbh/fruits-and-vegetables-768x512.jpg",
     "level": 0
    },
    {
     "name": "Heimilisvörur",
     "url": "/voerur/heimilisvoerur/",
     "categoryId": "61aa173cdfbb03c07550ae16",
     "categoryImageUrl": "https://cdne-image-prod-samkaup.azureedge.net/images-cms/media/r02bbbqt/heimilisvoerur-1000-500-px.png",
     "level": 1
    },
    {
     "name": "Pokar",
     "url": "/voerur/heimilisvoerur/pokar/",
     "categoryId": "61afa986c665e1cda6403bd4",
     "categoryImageUrl": "https://cdne-image-prod-samkaup.azureedge.net/images-cms/media/hxehog5s/pokar-1000-500-px.png",
     "level": 2
    },
    {
     "name": "Ruslapokar",
     "url": "/voerur/heimilisvoerur/pokar/ruslapokar/",
     "categoryId": "624c1ed07878f380ce8459e2",
     "categoryImageUrl": "https://cdne-image-prod-samkaup.azureedge.net/images-cms/media/bgbf4a3r/empty-top-100.png",
     "level": 3
    }
   ],
   "url": "/voerur/heimilisvoerur/pokar/ruslapokar/bio-ruslapokar-p-30206185",
   "availableInStock": 28,
   "alwaysInStock": false
  },
  {
   "sku": "30200998",
   "displayName": "Bjórglös",
   "brand": "Maku",
   "weight": "600 gr.",
   "country": "PL",
   "productTeaser": "2 stk. Fyrir Hveitibjór",
   "salesPrice": 1979.0,
   "pricePerUnit": 3298.0,
   "unitOfMeasure": "kg.",
   "icons": [],
   "hazardLabels": [],
   "imageUrl": "https://cdne-image-prod-samkaup.azureedge.net/images-pim/30200998/30200998_1.jpg",
   "offer": null,
   "bonus": null,
   "breadcrumbs": [
    {
     "name": "Vörur",
     "url": "/voerur/",
     "categoryId": null,
     "categoryImageUrl": "https://cdne-image-prod-samkaup.azureedge.net/images-cms/media/0btnugbh/fruits-and-vegetables-768x512.jpg",
     "level": 0
    },
    {
     "name": "Heimilisvörur",
     "url": "/voerur/heimilisvoerur/",
     "categoryId": "61aa173cdfbb03c07550ae16",
     "categoryImageUrl": "https://cdne-image-prod-samkaup.azureedge.net/images-cms/media/r02bbbqt/heimilisvoerur-1000-500-px.png",
     "level": 1
    },
    {
     "name": "Búsáhöld",
     "url": "/voerur/heimilisvoerur/busahoeld/",
     "categoryId": "61afa98d58952c9651e559fd",
     "categoryImageUrl": "https://cdne-image-prod-samkaup.azureedge.net/images-cms/media/uuwp3ewo/búsáhoeld-1000-500-px.png",
     "level": 2
    },
    {
     "name": "Bollar og glös",
     "url": "/voerur/heimilisvoerur/busahoeld/bollar-og-gloes/",
     "categoryId": "624c220fd70c9cb51042ca69",
     "categoryImageUrl": "https://cdne-image-prod-samkaup.azureedge.net/images-cms/media/bgbf4a3r/empty-top-100.png",
     "level": 3
    }
   ],
   "url": "/voerur/heimilisvoerur/busahoeld/bollar-og-gloes/bjorglos-p-30200998",
   "availableInStock": 4,
   "alwaysInStock": false
  },
  {
   "sku": "30167286",
   "displayName": "Blauttuskur",
   "brand": "Ecozone",
   "weight": "100 gr.",
   "country": "",
   "productTeaser": "",
   "salesPrice": 659.0,
   "pricePerUnit": 6590.0,
   "unitOfMeasure": "kg.",
   "icons": [],
   "hazardLabels": [],
   "imageUrl": "https://cdne-image-prod-samkaup.azureedge.net/images-pim/30167286/30167286.jpg",
   "offer": null,
   "bonus": null,
   "breadcrumbs": [
    {
     "name": "Vörur",
     "url": "/voerur/",
     "categoryId": null,
     "categoryImageUrl": "https://cdne-image-prod-samkaup.azureedge.net/images-cms/media/0btnugbh/fruits-and-vegetables-768x512.jpg",
     "level": 0
    },
    {
     "name": "Heimilisvörur",
     "url": "/voerur/heimilisvoerur/",
     "categoryId": "61aa173cdfbb03c07550ae16",
     "categoryImageUrl": "https://cdne-image-prod-samkaup.azureedge.net/images-cms/media/r02bbbqt/heimilisvoerur-1000-500-px.png",
     "level": 1
    },
    {
     "name": "Hreinlætisvörur",
     "url": "/voerur/heimilisvoerur/hreinlaetisvoerur/",
     "categoryId": "61afa983bffe2443147fb138",
     "categoryImageUrl": "https://cdne-image-prod-samkaup.azureedge.net/images-cms/media/e1nfe2ng/hreinlaetisvoerur-1000-500-px.png",
     "level": 2
    },
    {
     "name": "Hreinsiklútar",
     "url": "/voerur/heimilisvoerur/hreinlaetisvoerur/hreinsiklutar/",
     "categoryId": "61afa9fddfbb03c0755103a7",
     "categoryImageUrl": "https://cdne-image-prod-samkaup.azureedge.net/images-cms/media/bgbf4a3r/empty-top-100.png",
     "level": 3
    }
   ],
   "url": "/voerur/heimilisvoerur/hreinlaetisvoerur/hreinsiklutar/blauttuskur-p-30167286",
   "availableInStock": 16,
   "alwaysInStock": false
  },
  {
   "sku": "10050466",
   "displayName": "Bleiu klútur 100% Bómull",
   "brand": "Takk",
   "weight": "",
   "country": "",
   "productTeaser": "6 stk.",
   "salesPrice": 1319.0,
   "pricePerUnit": null,
   "unitOfMeasure": null,
   "icons": [],
   "hazardLabels": [],
   "imageUrl": "https://cdne-image-prod-samkaup.azureedge.net/images-pim/10050466/10050466.jpeg",
   "offer": null,
   "bonus": null,
   "breadcrumbs": [
    {
     "name": "Vörur",
     "url": "/voerur/",
     "categoryId": null,
     "categoryImageUrl": "https://cdne-image-prod-samkaup.azureedge.net/images-cms/media/0btnugbh/fruits-and-vegetables-768x512.jpg",
     "level": 0
    },
    {
     "name": "Heimilisvörur",
     "url": "/voerur/heimilisvoerur/",
     "categoryId": "61aa173cdfbb03c07550ae16",
     "categoryImageUrl": "https://cdne-image-prod-samkaup.azureedge.net/images-cms/media/r02bbbqt/heimilisvoerur-1000-500-px.png",
     "level": 1
    },
    {
     "name": "Hreinlætisáhöld",
     "url": "/voerur/heimilisvoerur/hreinlaetisahoeld/",
     "categoryId": "61afa989dfbb03c07551039b",
     "categoryImageUrl": "https://cdne-image-prod-samkaup.azureedge.net/images-cms/media/tfqfbcht/hreinlaetisáhoeld-1000-500-px.png",
     "level": 2
    },
    {
     "name": "Klútar",
     "url": "/voerur/heimilisvoerur/hreinlaetisahoeld/klutar/",
     "categoryId": "624c21d9ae8a756a4482eb80",
     "categoryImageUrl": "https://cdne-image-prod-samkaup.azureedge.net/images-cms/media/bgbf4a3r/empty-top-100.png",
     "level": 3
    }
   ],
   "url": "/voerur/heimilisvoerur/hreinlaetisahoeld/klutar/bleiu-klutur-100-bomull-p-10050466",
   "availableInStock": 0,
   "alwaysInStock": true
  },
  {
   "sku": "30167273",
   "displayName": "Blettabani",
   "brand": "Ecozone",
   "weight": "135 ml.",
   "country": "",
   "productTeaser": "",
   "salesPrice": 1019.0,
   "pricePerUnit": 7548.0,
   "unitOfMeasure": "ltr.",
   "icons": [],
   "hazardLabels": [],
   "imageUrl": "https://cdne-image-prod-samkaup.azureedge.net/images-pim/30167273/30167273.jpg",
   "offer": null,
   "bonus": null,
   "breadcrumbs": [
    {
     "name": "Vörur",
     "url": "/voerur/",
     "categoryId": null,
     "categoryImageUrl": "https://cdne-image-prod-samkaup.azureedge.net/images-cms/media/0btnugbh/fruits-and-vegetables-768x512.jpg",
     "level": 0
    },
    {
     "name": "Heimilisvörur",
     "url": "/voerur/heimilisvoerur/",
     "categoryId": "61aa173cdfbb03c07550ae16",
     "categoryImageUrl": "https://cdne-image-prod-samkaup.azureedge.net/images-cms/media/r02bbbqt/heimilisvoerur-1000-500-px.png",
     "level": 1
    },
    {
     "name": "Hreinlætisvörur",
     "url": "/voerur/heimilisvoerur/hreinlaetisvoerur/",
     "categoryId": "61afa983bffe2443147fb138",
     "categoryImageUrl": "https://cdne-image-prod-samkaup.azureedge.net/images-cms/media/e1nfe2ng/hreinlaetisvoerur-1000-500-px.png",
     "level": 2
    },
    {
     "name": "Fyrir þvottavélina og þurrkarann",
     "url": "/voerur/heimilisvoerur/hreinlaetisvoerur/fyrir-thvottavelina-og-thurrkarann/",
     "categoryId": "61afa9c0dfbb03c0755103a4",
     "categoryImageUrl": "https://cdne-image-prod-samkaup.azureedge.net/images-cms/media/bgbf4a3r/empty-top-100.png",
     "level": 3
    }
   ],
   "url": "/voerur/heimilisvoerur/hreinlaetisvoerur/fyrir-thvottavelina-og-thurrkarann/blettabani-p-30167273",
   "availableInStock": 12,
   "alwaysInStock": false
  },
  {
   "sku": "30201959",
   "displayName": "Blettahreinsir",
   "brand": "Beckmann",
   "weight": "200 gr.",
   "country": "",
   "productTeaser": "Skjannahvítt 5x40 gr",
   "salesPrice": 759.0,
   "pricePerUnit": 3795.0,
   "unitOfMeasure": "kg.",
   "icons": [],
   "hazardLabels": [],
   "imageUrl": "https://cdne-image-prod-samkaup.azureedge.net/images-pim/30201959/30201959.jpg",
   "offer": null,
   "bonus": null,
   "breadcrumbs": [
    {
     "name": "Vörur",
     "url": "/voerur/",
     "categoryId": null,
     "categoryImageUrl": "https://cdne-image-prod-samkaup.azureedge.net/images-cms/media/0btnugbh/fruits-and-vegetables-768x512.jpg",
     "level": 0
    },
    {
     "name": "Heimilisvörur",
     "url": "/voerur/heimilisvoerur/",
     "categoryId": "61aa173cdfbb03c07550ae16",
     "categoryImageUrl": "https://cdne-image-prod-samkaup.azureedge.net/images-cms/media/r02bbbqt/heimilisvoerur-1000-500-px.png",
     "level": 1
    },
    {
     "name": "Hreinlætisvörur",
     "url": "/voerur/heimilisvoerur/hreinlaetisvoerur/",
     "categoryId": "61afa983bffe2443147fb138",
     "categoryImageUrl": "https://cdne-image-prod-samkaup.azureedge.net/images-cms/media/e1nfe2ng/hreinlaetisvoerur-1000-500-px.png",
     "level": 2
    },
    {
     "name": "Fyrir þvottavélina og þurrkarann",
     "url": "/voerur/heimilisvoerur/hreinlaetisvoerur/fyrir-thvottavelina-og-thurrkarann/",
     "categoryId": "61afa9c0dfbb03c0755103a4",
     "categoryImageUrl": "https://cdne-image-prod-samkaup.azureedge.net/images-cms/media/bgbf4a3r/empty-top-100.png",
     "level": 3
    }
   ],
   "url": "/voerur/heimilisvoerur/hreinlaetisvoerur/fyrir-thvottavelina-og-thurrkarann/blettahreinsir-p-30201959",
   "availableInStock": 8,
   "alwaysInStock": false
  },
  {
   "sku": "30194443",
   "displayName": "Blettasápa",
   "brand": "Sonett",
   "weight": "300 ml.",
   "country": "",
   "productTeaser": "",
   "salesPrice": 929.0,
   "pricePerUnit": 3097.0,
   "unitOfMeasure": "ltr.",
   "icons": [
    "Vegan"
   ],
   "hazardLabels": [],
   "imageUrl": "https://cdne-image-prod-samkaup.azureedge.net/images-pim/30194443/30194443.jpg",
   "offer": null,
   "bonus": null,
   "breadcrumbs": [
    {
     "name": "Vörur",
     "url": "/voerur/",
     "categoryId": null,
     "categoryImageUrl": "https://cdne-image-prod-samkaup.azureedge.net/images-cms/media/0btnugbh/fruits-and-vegetables-768x512.jpg",
     "level": 0
    },
    {
     "name": "Heimilisvörur",
     "url": "/voerur/heimilisvoerur/",
     "categoryId": "61aa173cdfbb03c07550ae16",
     "categoryImageUrl": "https://cdne-image-prod-samkaup.azureedge.net/images-cms/media/r02bbbqt/heimilisvoerur-1000-500-px.png",
     "level": 1
    },
    {
     "name": "Hreinlætisvörur",
     "url": "/voerur/heimilisvoerur/hreinlaetisvoerur/",
     "categoryId": "61afa983bffe2443147fb138",
     "categoryImageUrl": "https://cdne-image-prod-samkaup.azureedge.net/images-cms/media/e1nfe2ng/hreinlaetisvoerur-1000-500-px.png",
     "level": 2
    },
    {
     "name": "Fyrir þvottavélina og þurrkarann",
     "url": "/voerur/heimilisvoerur/hreinlaetisvoerur/fyrir-thvottavelina-og-thurrkarann/",
     "categoryId": "61afa9c0dfbb03c0755103a4",
     "categoryImageUrl": "https://cdne-image-prod-samkaup.azureedge.net/images-cms/media/bgbf4a3r/empty-top-100.png",
     "level": 3
    }
   ],
   "url": "/voerur/heimilisvoerur/hreinlaetisvoerur/fyrir-thvottavelina-og-thurrkarann/blettasapa-p-30194443",
   "availableInStock": 4,
   "alwaysInStock": false
  },
  {
   "sku": "30209209",
   "displayName": "Blettaúði",
   "brand": "Sonett",
   "weight": "100 ml.",
   "country": "",
   "productTeaser": "",
   "salesPrice": 759.0,
   "pricePerUnit": 7590.0,
   "unitOfMeasure": "ltr.",
   "icons": [
    "Vegan"
   ],
   "hazardLabels": [],
   "imageUrl": "https://cdne-image-prod-samkaup.azureedge.net/images-pim/30209209/30209209.png",
   "offer": null,
   "bonus": null,
   "breadcrumbs": [
    {
     "name": "Vörur",
     "url": "/voerur/",
     "categoryId": null,
     "categoryImageUrl": "https://cdne-image-prod-samkaup.azureedge.net/images-cms/media/0btnugbh/fruits-and-vegetables-768x512.jpg",
     "level": 0
    },
    {
     "name": "Heimilisvörur",
     "url": "/voerur/heimilisvoerur/",
     "categoryId": "61aa173cdfbb03c07550ae16",
     "categoryImageUrl": "https://cdne-image-prod-samkaup.azureedge.net/images-cms/media/r02bbbqt/heimilisvoerur-1000-500-px.png",
     "level": 1
    },
    {
     "name": "Hreinlætisvörur",
     "url": "/voerur/heimilisvoerur/hreinlaetisvoerur/",
     "categoryId": "61afa983bffe2443147fb138",
     "categoryImageUrl": "https://cdne-image-prod-samkaup.azureedge.net/images-cms/media/e1nfe2ng/hreinlaetisvoerur-1000-500-px.png",
     "level": 2
    },
    {
     "name": "Hreinsiefni",
     "url": "/voerur/heimilisvoerur/hreinlaetisvoerur/hreinsiefni/",
     "categoryId": "61afa9ecbffe2443147fb13e",
     "categoryImageUrl": "https://cdne-image-prod-samkaup.azureedge.net/images-cms/media/bgbf4a3r/empty-top-100.png",
     "level": 3
    }
   ],
   "url": "/voerur/heimilisvoerur/hreinlaetisvoerur/hreinsiefni/blettaudi-p-30209209",
   "availableInStock": 7,
   "alwaysInStock": false
  },
  {
   "sku": "10084252",
   "displayName": "Blý 0,5 HB",
   "brand": "Herlitz",
   "weight": "50 gr.",
   "country": "",
   "productTeaser": "2 stk.",
   "salesPrice": 459.0,
   "pricePerUnit": 9180.0,
   "unitOfMeasure": "kg.",
   "icons": [],
   "hazardLabels": [],
   "imageUrl": "https://cdne-image-prod-samkaup.azureedge.net/images-pim/10084252/10084252.jpg",
   "offer": null,
   "bonus": null,
   "breadcrumbs": [
    {
     "name": "Vörur",
     "url": "/voerur/",
     "categoryId": null,
     "categoryImageUrl": "https://cdne-image-prod-samkaup.azureedge.net/images-cms/media/0btnugbh/fruits-and-vegetables-768x512.jpg",
     "level": 0
    },
    {
     "name": "Heimilisvörur",
     "url": "/voerur/heimilisvoerur/",
     "categoryId": "61aa173cdfbb03c07550ae16",
     "categoryImageUrl": "https://cdne-image-prod-samkaup.azureedge.net/images-cms/media/r02bbbqt/heimilisvoerur-1000-500-px.png",
     "level": 1
    },
    {
     "name": "Skóla-og skrifstofuvörur",
     "url": "/voerur/heimilisvoerur/skola-og-skrifstofuvoerur/",
     "categoryId": "61afa9a5bffe2443147fb13a",
     "categoryImageUrl": "https://cdne-image-prod-samkaup.azureedge.net/images-cms/media/otsmhl0j/skólavoerur-1000-500-px.png",
     "level": 2
    }
   ],
   "url": "/voerur/heimilisvoerur/skola-og-skrifstofuvoerur/bly-0-5-hb-p-10084252",
   "availableInStock": 0,
   "alwaysInStock": true
  },
  {
   "sku": "30122032",
   "displayName": "Blý 0,7 mm. HB",
   "brand": "Herlitz",
   "weight": "40 gr.",
   "country": "",
   "productTeaser": "2 stk.",
   "salesPrice": 459.0,
   "pricePerUnit": 11475.0,
   "unitOfMeasure": "kg.",
   "icons": [],
   "hazardLabels": [],
   "imageUrl": "https://cdne-image-prod-samkaup.azureedge.net/images-pim/30122032/30122032.jpg",
   "offer": null,
   "bonus": null,
   "breadcrumbs": [
    {
     "name": "Vörur",
     "url": "/voerur/",
     "categoryId": null,
     "categoryImageUrl": "https://cdne-image-prod-samkaup.azureedge.net/images-cms/media/0btnugbh/fruits-and-vegetables-768x512.jpg",
     "level": 0
    },
    {
     "name": "Heimilisvörur",
     "url": "/voerur/heimilisvoerur/",
     "categoryId": "61aa173cdfbb03c07550ae16",
     "categoryImageUrl": "https://cdne-image-prod-samkaup.azureedge.net/images-cms/media/r02bbbqt/heimilisvoerur-1000-500-px.png",
     "level": 1
    },
    {
     "name": "Skóla-og skrifstofuvörur",
     "url": "/voerur/heimilisvoerur/skola-og-skrifstofuvoerur/",
     "categoryId": "61afa9a5bffe2443147fb13a",
     "categoryImageUrl": "https://cdne-image-prod-samkaup.azureedge.net/images-cms/media/otsmhl0j/skólavoerur-1000-500-px.png",
     "level": 2
    }
   ],
   "url": "/voerur/heimilisvoerur/skola-og-skrifstofuvoerur/bly-0-7-mm-hb-p-30122032",
   "availableInStock": 0,
   "alwaysInStock": true
  },
  {
   "sku": "10084734",
   "displayName": "Blýantar Plútó no. 2,5",
   "brand": null,
   "weight": "",
   "country": "",
   "productTeaser": "3 stk.",
   "salesPrice": 279.0,
   "pricePerUnit": null,
   "unitOfMeasure": null,
   "icons": [],
   "hazardLabels": [],
   "imageUrl": "https://cdne-image-prod-samkaup.azureedge.net/images-pim/10084734/10084734.jpg",
   "offer": null,
   "bonus": null,
   "breadcrumbs": [
    {
     "name": "Vörur",
     "url": "/voerur/",
     "categoryId": null,
     "categoryImageUrl": "https://cdne-image-prod-samkaup.azureedge.net/images-cms/media/0btnugbh/fruits-and-vegetables-768x512.jpg",
     "level": 0
    },
    {
     "name": "Heimilisvörur",
     "url": "/voerur/heimilisvoerur/",
     "categoryId": "61aa173cdfbb03c07550ae16",
     "categoryImageUrl": "https://cdne-image-prod-samkaup.azureedge.net/images-cms/media/r02bbbqt/heimilisvoerur-1000-500-px.png",
     "level": 1
    },
    {
     "name": "Skóla-og skrifstofuvörur",
     "url": "/voerur/heimilisvoerur/skola-og-skrifstofuvoerur/",
     "categoryId": "61afa9a5bffe2443147fb13a",
     "categoryImageUrl": "https://cdne-image-prod-samkaup.azureedge.net/images-cms/media/otsmhl0j/skólavoerur-1000-500-px.png",
     "level": 2
    },
    {
     "name": "Skriffæri",
     "url": "/voerur/heimilisvoerur/skola-og-skrifstofuvoerur/skriffaeri/",
     "categoryId": "624c253fae8a756a4482ebb8",
     "categoryImageUrl": "https://cdne-image-prod-samkaup.azureedge.net/images-cms/media/bgbf4a3r/empty-top-100.png",
     "level": 3
    }
   ],
   "url": "/voerur/heimilisvoerur/skola-og-skrifstofuvoerur/skriffaeri/blyantar-pluto-no-2-5-p-10084734",
   "availableInStock": 1,
   "alwaysInStock": false
  },
  {
   "sku": "30078334",
   "displayName": "Blýantur Mars 2 mm 2B",
   "brand": "Staedtler",
   "weight": "",
   "country": "",
   "productTeaser": "",
   "salesPrice": 229.0,
   "pricePerUnit": null,
   "unitOfMeasure": null,
   "icons": [],
   "hazardLabels": [],
   "imageUrl": "https://cdne-image-prod-samkaup.azureedge.net/images-pim/30078334/30078334.jpg",
   "offer": null,
   "bonus": null,
   "breadcrumbs": [
    {
     "name": "Vörur",
     "url": "/voerur/",
     "categoryId": null,
     "categoryImageUrl": "https://cdne-image-prod-samkaup.azureedge.net/images-cms/media/0btnugbh/fruits-and-vegetables-768x512.jpg",
     "level": 0
    },
    {
     "name": "Heimilisvörur",
     "url": "/voerur/heimilisvoerur/",
     "categoryId": "61aa173cdfbb03c07550ae16",
     "categoryImageUrl": "https://cdne-image-prod-samkaup.azureedge.net/images-cms/media/r02bbbqt/heimilisvoerur-1000-500-px.png",
     "level": 1
    },
    {
     "name": "Skóla-og skrifstofuvörur",
     "url": "/voerur/heimilisvoerur/skola-og-skrifstofuvoerur/",
     "categoryId": "61afa9a5bffe2443147fb13a",
     "categoryImageUrl": "https://cdne-image-prod-samkaup.azureedge.net/images-cms/media/otsmhl0j/skólavoerur-1000-500-px.png",
     "level": 2
    },
    {
     "name": "Skriffæri",
     "url": "/voerur/heimilisvoerur/skola-og-skrifstofuvoerur/skriffaeri/",
     "categoryId": "624c253fae8a756a4482ebb8",
     "categoryImageUrl": "https://cdne-image-prod-samkaup.azureedge.net/images-cms/media/bgbf4a3r/empty-top-100.png",
     "level": 3
    }
   ],
   "url": "/voerur/heimilisvoerur/skola-og-skrifstofuvoerur/skriffaeri/blyantur-mars-2-mm-2b-p-30078334",
   "availableInStock": 0,
   "alwaysInStock": true
  },
  {
   "sku": "30210911",
   "displayName": "Bollar Robuste",
   "brand": "Maku",
   "weight": "",
   "country": "CN",
   "productTeaser": "2 stk. 330 ml.",
   "salesPrice": 2019.0,
   "pricePerUnit": null,
   "unitOfMeasure": null,
   "icons": [],
   "hazardLabels": [],
   "imageUrl": "https://cdne-image-prod-samkaup.azureedge.net/images-pim/30210911/30210911.jpg",
   "offer": null,
   "bonus": null,
   "breadcrumbs": [
    {
     "name": "Vörur",
     "url": "/voerur/",
     "categoryId": null,
     "categoryImageUrl": "https://cdne-image-prod-samkaup.azureedge.net/images-cms/media/0btnugbh/fruits-and-vegetables-768x512.jpg",
     "level": 0
    },
    {
     "name": "Heimilisvörur",
     "url": "/voerur/heimilisvoerur/",
     "categoryId": "61aa173cdfbb03c07550ae16",
     "categoryImageUrl": "https://cdne-image-prod-samkaup.azureedge.net/images-cms/media/r02bbbqt/heimilisvoerur-1000-500-px.png",
     "level": 1
    },
    {
     "name": "Búsáhöld",
     "url": "/voerur/heimilisvoerur/busahoeld/",
     "categoryId": "61afa98d58952c9651e559fd",
     "categoryImageUrl": "https://cdne-image-prod-samkaup.azureedge.net/images-cms/media/uuwp3ewo/búsáhoeld-1000-500-px.png",
     "level": 2
    },
    {
     "name": "Bollar og glös",
     "url": "/voerur/heimilisvoerur/busahoeld/bollar-og-gloes/",
     "categoryId": "624c220fd70c9cb51042ca69",
     "categoryImageUrl": "https://cdne-image-prod-samkaup.azureedge.net/images-cms/media/bgbf4a3r/empty-top-100.png",
     "level": 3
    }
   ],
   "url": "/voerur/heimilisvoerur/busahoeld/bollar-og-gloes/bollar-robuste-p-30210911",
   "availableInStock": 16,
   "alwaysInStock": false
  },
  {
   "sku": "30207049",
   "displayName": "Bolli Bambi",
   "brand": "Ivana Helsinki",
   "weight": "",
   "country": "CN",
   "productTeaser": "300 ml.",
   "salesPrice": 799.0,
   "pricePerUnit": null,
   "unitOfMeasure": null,
   "icons": [],
   "hazardLabels": [],
   "imageUrl": "https://cdne-image-prod-samkaup.azureedge.net/images-pim/30207049/30207049.png",
   "offer": null,
   "bonus": null,
   "breadcrumbs": [
    {
     "name": "Vörur",
     "url": "/voerur/",
     "categoryId": null,
     "categoryImageUrl": "https://cdne-image-prod-samkaup.azureedge.net/images-cms/media/0btnugbh/fruits-and-vegetables-768x512.jpg",
     "level": 0
    },
    {
     "name": "Heimilisvörur",
     "url": "/voerur/heimilisvoerur/",
     "categoryId": "61aa173cdfbb03c07550ae16",
     "categoryImageUrl": "https://cdne-image-prod-samkaup.azureedge.net/images-cms/media/r02bbbqt/heimilisvoerur-1000-500-px.png",
     "level": 1
    },
    {
     "name": "Búsáhöld",
     "url": "/voerur/heimilisvoerur/busahoeld/",
     "categoryId": "61afa98d58952c9651e559fd",
     "categoryImageUrl": "https://cdne-image-prod-samkaup.azureedge.net/images-cms/media/uuwp3ewo/búsáhoeld-1000-500-px.png",
     "level": 2
    },
    {
     "name": "Bollar og glös",
     "url": "/voerur/heimilisvoerur/busahoeld/bollar-og-gloes/",
     "categoryId": "624c220fd70c9cb51042ca69",
     "categoryImageUrl": "https://cdne-image-prod-samkaup.azureedge.net/images-cms/media/bgbf4a3r/empty-top-100.png",
     "level": 3
    }
   ],
   "url": "/voerur/heimilisvoerur/busahoeld/bollar-og-gloes/bolli-bambi-p-30207049",
   "availableInStock": 13,
   "alwaysInStock": false
  },
  {
   "sku": "30207050",
   "displayName": "Bolli Ryijy",
   "brand": "Ivana Helsink",
   "weight": "",
   "country": "CN",
   "productTeaser": "300 ml.",
   "salesPrice": 799.0,
   "pricePerUnit": null,
   "unitOfMeasure": null,
   "icons": [],
   "hazardLabels": [],
   "imageUrl": "https://cdne-image-prod-samkaup.azureedge.net/images-pim/30207050/30207050.png",
   "offer": null,
   "bonus": null,
   "breadcrumbs": [
    {
     "name": "Vörur",
     "url": "/voerur/",
     "categoryId": null,
     "categoryImageUrl": "https://cdne-image-prod-samkaup.azureedge.net/images-cms/media/0btnugbh/fruits-and-vegetables-768x512.jpg",
     "level": 0
    },
    {
     "name": "Heimilisvörur",
     "url": "/voerur/heimilisvoerur/",
     "categoryId": "61aa173cdfbb03c07550ae16",
     "categoryImageUrl": "https://cdne-image-prod-samkaup.azureedge.net/images-cms/media/r02bbbqt/heimilisvoerur-1000-500-px.png",
     "level": 1
    },
    {
     "name": "Búsáhöld",
     "url": "/voerur/heimilisvoerur/busahoeld/",
     "categoryId": "61afa98d58952c9651e559fd",
     "categoryImageUrl": "https://cdne-image-prod-samkaup.azureedge.net/images-cms/media/uuwp3ewo/búsáhoeld-1000-500-px.png",
     "level": 2
    },
    {
     "name": "Bollar og glös",
     "url": "/voerur/heimilisvoerur/busahoeld/bollar-og-gloes/",
     "categoryId": "624c220fd70c9cb51042ca69",
     "categoryImageUrl": "https://cdne-image-prod-samkaup.azureedge.net/images-cms/media/bgbf4a3r/empty-top-100.png",
     "level": 3
    }
   ],
   "url": "/voerur/heimilisvoerur/busahoeld/bollar-og-gloes/bolli-ryijy-p-30207050",
   "availableInStock": 14,
   "alwaysInStock": false
  },
  {
   "sku": "30205937",
   "displayName": "Brauðhnífur",
   "brand": "Maku",
   "weight": "",
   "country": "CN",
   "productTeaser": "20 cm.",
   "salesPrice": 2829.0,
   "pricePerUnit": null,
   "unitOfMeasure": null,
   "icons": [],
   "hazardLabels": [],
   "imageUrl": "https://cdne-image-prod-samkaup.azureedge.net/images-pim/30205937/30205937.jpg",
   "offer": null,
   "bonus": null,
   "breadcrumbs": [
    {
     "name": "Vörur",
     "url": "/voerur/",
     "categoryId": null,
     "categoryImageUrl": "https://cdne-image-prod-samkaup.azureedge.net/images-cms/media/0btnugbh/fruits-and-vegetables-768x512.jpg",
     "level": 0
    },
    {
     "name": "Heimilisvörur",
     "url": "/voerur/heimilisvoerur/",
     "categoryId": "61aa173cdfbb03c07550ae16",
     "categoryImageUrl": "https://cdne-image-prod-samkaup.azureedge.net/images-cms/media/r02bbbqt/heimilisvoerur-1000-500-px.png",
     "level": 1
    },
    {
     "name": "Búsáhöld",
     "url": "/voerur/heimilisvoerur/busahoeld/",
     "categoryId": "61afa98d58952c9651e559fd",
     "categoryImageUrl": "https://cdne-image-prod-samkaup.azureedge.net/images-cms/media/uuwp3ewo/búsáhoeld-1000-500-px.png",
     "level": 2
    },
    {
     "name": "Hnífapör",
     "url": "/voerur/heimilisvoerur/busahoeld/hnifapoer/",
     "categoryId": "624da256ae8a756a44830d1e",
     "categoryImageUrl": "https://cdne-image-prod-samkaup.azureedge.net/images-cms/media/bgbf4a3r/empty-top-100.png",
     "level": 3
    }
   ],
   "url": "/voerur/heimilisvoerur/busahoeld/hnifapoer/braudhnifur-p-30205937",
   "availableInStock": 6,
   "alwaysInStock": false
  },
  {
   "sku": "30190897",
   "displayName": "Brauðkarfa",
   "brand": "Maku",
   "weight": "",
   "country": "CN",
   "productTeaser": "1 stk. Þvermál: 23 cm.",
   "salesPrice": 1419.0,
   "pricePerUnit": null,
   "unitOfMeasure": null,
   "icons": [],
   "hazardLabels": [],
   "imageUrl": "https://cdne-image-prod-samkaup.azureedge.net/images-pim/30190897/30190897.jpg",
   "offer": null,
   "bonus": null,
   "breadcrumbs": [
    {
     "name": "Vörur",
     "url": "/voerur/",
     "categoryId": null,
     "categoryImageUrl": "https://cdne-image-prod-samkaup.azureedge.net/images-cms/media/0btnugbh/fruits-and-vegetables-768x512.jpg",
     "level": 0
    },
    {
     "name": "Heimilisvörur",
     "url": "/voerur/heimilisvoerur/",
     "categoryId": "61aa173cdfbb03c07550ae16",
     "categoryImageUrl": "https://cdne-image-prod-samkaup.azureedge.net/images-cms/media/r02bbbqt/heimilisvoerur-1000-500-px.png",
     "level": 1
    },
    {
     "name": "Búsáhöld",
     "url": "/voerur/heimilisvoerur/busahoeld/",
     "categoryId": "61afa98d58952c9651e559fd",
     "categoryImageUrl": "https://cdne-image-prod-samkaup.azureedge.net/images-cms/media/uuwp3ewo/búsáhoeld-1000-500-px.png",
     "level": 2
    },
    {
     "name": "Krukkur og ílát",
     "url": "/voerur/heimilisvoerur/busahoeld/krukkur-og-ilat/",
     "categoryId": "62695fb4a029622018e30283",
     "categoryImageUrl": "https://cdne-image-prod-samkaup.azureedge.net/images-cms/media/bgbf4a3r/empty-top-100.png",
     "level": 3
    }
   ],
   "url": "/voerur/heimilisvoerur/busahoeld/krukkur-og-ilat/braudkarfa-p-30190897",
   "availableInStock": 21,
   "alwaysInStock": false
  },
  {
   "sku": "30169395",
   "displayName": "Brennari",
   "brand": "Maku",
   "weight": "300 gr.",
   "country": "CN",
   "productTeaser": "",
   "salesPrice": 3029.0,
   "pricePerUnit": 10097.0,
   "unitOfMeasure": "kg.",
   "icons": [],
   "hazardLabels": [],
   "imageUrl": "https://cdne-image-prod-samkaup.azureedge.net/images-pim/30169395/30169395.jpg",
   "offer": null,
   "bonus": null,
   "breadcrumbs": [
    {
     "name": "Vörur",
     "url": "/voerur/",
     "categoryId": null,
     "categoryImageUrl": "https://cdne-image-prod-samkaup.azureedge.net/images-cms/media/0btnugbh/fruits-and-vegetables-768x512.jpg",
     "level": 0
    },
    {
     "name": "Heimilisvörur",
     "url": "/voerur/heimilisvoerur/",
     "categoryId": "61aa173cdfbb03c07550ae16",
     "categoryImageUrl": "https://cdne-image-prod-samkaup.azureedge.net/images-cms/media/r02bbbqt/heimilisvoerur-1000-500-px.png",
     "level": 1
    },
    {
     "name": "Búsáhöld",
     "url": "/voerur/heimilisvoerur/busahoeld/",
     "categoryId": "61afa98d58952c9651e559fd",
     "categoryImageUrl": "https://cdne-image-prod-samkaup.azureedge.net/images-cms/media/uuwp3ewo/búsáhoeld-1000-500-px.png",
     "level": 2
    },
    {
     "name": "Eldunaráhöld",
     "url": "/voerur/heimilisvoerur/busahoeld/eldunarahoeld/",
     "categoryId": "624c221e7878f380ce845a20",
     "categoryImageUrl": "https://cdne-image-prod-samkaup.azureedge.net/images-cms/media/bgbf4a3r/empty-top-100.png",
     "level": 3
    }
   ],
   "url": "/voerur/heimilisvoerur/busahoeld/eldunarahoeld/brennari-p-30169395",
   "availableInStock": 5,
   "alwaysInStock": false
  },
  {
   "sku": "30189592",
   "displayName": "Brilliance Box 2 ltr.",
   "brand": "Sistema",
   "weight": "",
   "country": "NZ",
   "productTeaser": "",
   "salesPrice": 2729.0,
   "pricePerUnit": null,
   "unitOfMeasure": null,
   "icons": [],
   "hazardLabels": [],
   "imageUrl": "https://cdne-image-prod-samkaup.azureedge.net/images-pim/30189592/30189592.jpg",
   "offer": null,
   "bonus": null,
   "breadcrumbs": [
    {
     "name": "Vörur",
     "url": "/voerur/",
     "categoryId": null,
     "categoryImageUrl": "https://cdne-image-prod-samkaup.azureedge.net/images-cms/media/0btnugbh/fruits-and-vegetables-768x512.jpg",
     "level": 0
    },
    {
     "name": "Heimilisvörur",
     "url": "/voerur/heimilisvoerur/",
     "categoryId": "61aa173cdfbb03c07550ae16",
     "categoryImageUrl": "https://cdne-image-prod-samkaup.azureedge.net/images-cms/media/r02bbbqt/heimilisvoerur-1000-500-px.png",
     "level": 1
    },
    {
     "name": "Búsáhöld",
     "url": "/voerur/heimilisvoerur/busahoeld/",
     "categoryId": "61afa98d58952c9651e559fd",
     "categoryImageUrl": "https://cdne-image-prod-samkaup.azureedge.net/images-cms/media/uuwp3ewo/búsáhoeld-1000-500-px.png",
     "level": 2
    },
    {
     "name": "Krukkur og ílát",
     "url": "/voerur/heimilisvoerur/busahoeld/krukkur-og-ilat/",
     "categoryId": "62695fb4a029622018e30283",
     "categoryImageUrl": "https://cdne-image-prod-samkaup.azureedge.net/images-cms/media/bgbf4a3r/empty-top-100.png",
     "level": 3
    }
   ],
   "url": "/voerur/heimilisvoerur/busahoeld/krukkur-og-ilat/brilliance-box-2-ltr-p-30189592",
   "availableInStock": 8,
   "alwaysInStock": false
  },
  {
   "sku": "30189590",
   "displayName": "Brilliance Box 380 ml.",
   "brand": "Sistema",
   "weight": "",
   "country": "NZ",
   "productTeaser": "2 stk.",
   "salesPrice": 2329.0,
   "pricePerUnit": null,
   "unitOfMeasure": null,
   "icons": [],
   "hazardLabels": [],
   "imageUrl": "https://cdne-image-prod-samkaup.azureedge.net/images-pim/30189590/30189590.jpg",
   "offer": null,
   "bonus": null,
   "breadcrumbs": [
    {
     "name": "Vörur",
     "url": "/voerur/",
     "categoryId": null,
     "categoryImageUrl": "https://cdne-image-prod-samkaup.azureedge.net/images-cms/media/0btnugbh/fruits-and-vegetables-768x512.jpg",
     "level": 0
    },
    {
     "name": "Heimilisvörur",
     "url": "/voerur/heimilisvoerur/",
     "categoryId": "61aa173cdfbb03c07550ae16",
     "categoryImageUrl": "https://cdne-image-prod-samkaup.azureedge.net/images-cms/media/r02bbbqt/heimilisvoerur-1000-500-px.png",
     "level": 1
    },
    {
     "name": "Búsáhöld",
     "url": "/voerur/heimilisvoerur/busahoeld/",
     "categoryId": "61afa98d58952c9651e559fd",
     "categoryImageUrl": "https://cdne-image-prod-samkaup.azureedge.net/images-cms/media/uuwp3ewo/búsáhoeld-1000-500-px.png",
     "level": 2
    },
    {
     "name": "Nestisbox",
     "url": "/voerur/heimilisvoerur/busahoeld/nestisbox/",
     "categoryId": "624c2224d70c9cb51042ca6d",
     "categoryImageUrl": "https://cdne-image-prod-samkaup.azureedge.net/images-cms/media/bgbf4a3r/empty-top-100.png",
     "level": 3
    }
   ],
   "url": "/voerur/heimilisvoerur/busahoeld/nestisbox/brilliance-box-380-ml-p-30189590",
   "availableInStock": 7,
   "alwaysInStock": false
  },
  {
   "sku": "30189591",
   "displayName": "Brilliance Box 920 ml.",
   "brand": "Sistema",
   "weight": "",
   "country": "NZ",
   "productTeaser": "2 stk.",
   "salesPrice": 3339.0,
   "pricePerUnit": null,
   "unitOfMeasure": null,
   "icons": [],
   "hazardLabels": [],
   "imageUrl": "https://cdne-image-prod-samkaup.azureedge.net/images-pim/30189591/30189591.jpg",
   "offer": null,
   "bonus": null,
   "breadcrumbs": [
    {
     "name": "Vörur",
     "url": "/voerur/",
     "categoryId": null,
     "categoryImageUrl": "https://cdne-image-prod-samkaup.azureedge.net/images-cms/media/0btnugbh/fruits-and-vegetables-768x512.jpg",
     "level": 0
    },
    {
     "name": "Heimilisvörur",
     "url": "/voerur/heimilisvoerur/",
     "categoryId": "61aa173cdfbb03c07550ae16",
     "categoryImageUrl": "https://cdne-image-prod-samkaup.azureedge.net/images-cms/media/r02bbbqt/heimilisvoerur-1000-500-px.png",
     "level": 1
    },
    {
     "name": "Búsáhöld",
     "url": "/voerur/heimilisvoerur/busahoeld/",
     "categoryId": "61afa98d58952c9651e559fd",
     "categoryImageUrl": "https://cdne-image-prod-samkaup.azureedge.net/images-cms/media/uuwp3ewo/búsáhoeld-1000-500-px.png",
     "level": 2
    },
    {
     "name": "Nestisbox",
     "url": "/voerur/heimilisvoerur/busahoeld/nestisbox/",
     "categoryId": "624c2224d70c9cb51042ca6d",
     "categoryImageUrl": "https://cdne-image-prod-samkaup.azureedge.net/images-cms/media/bgbf4a3r/empty-top-100.png",
     "level": 3
    }
   ],
   "url": "/voerur/heimilisvoerur/busahoeld/nestisbox/brilliance-box-920-ml-p-30189591",
   "availableInStock": 7,
   "alwaysInStock": false
  },
  {
   "sku": "10036479",
   "displayName": "Brúnsápa",
   "brand": "Coop",
   "weight": "1 ltr.",
   "country": "DK",
   "productTeaser": "",
   "salesPrice": 449.0,
   "pricePerUnit": 449.0,
   "unitOfMeasure": "ltr.",
   "icons": [],
   "hazardLabels": [],
   "imageUrl": "https://cdne-image-prod-samkaup.azureedge.net/images-pim/10036479/10036479.png",
   "offer": null,
   "bonus": null,
   "breadcrumbs": [
    {
     "name": "Vörur",
     "url": "/voerur/",
     "categoryId": null,
     "categoryImageUrl": "https://cdne-image-prod-samkaup.azureedge.net/images-cms/media/0btnugbh/fruits-and-vegetables-768x512.jpg",
     "level": 0
    },
    {
     "name": "Heimilisvörur",
     "url": "/voerur/heimilisvoerur/",
     "categoryId": "61aa173cdfbb03c07550ae16",
     "categoryImageUrl": "https://cdne-image-prod-samkaup.azureedge.net/images-cms/media/r02bbbqt/heimilisvoerur-1000-500-px.png",
     "level": 1
    },
    {
     "name": "Hreinlætisvörur",
     "url": "/voerur/heimilisvoerur/hreinlaetisvoerur/",
     "categoryId": "61afa983bffe2443147fb138",
     "categoryImageUrl": "https://cdne-image-prod-samkaup.azureedge.net/images-cms/media/e1nfe2ng/hreinlaetisvoerur-1000-500-px.png",
     "level": 2
    },
    {
     "name": "Sápur",
     "url": "/voerur/heimilisvoerur/hreinlaetisvoerur/sapur/",
     "categoryId": "61afa9efdfbb03c0755103a6",
     "categoryImageUrl": "https://cdne-image-prod-samkaup.azureedge.net/images-cms/media/bgbf4a3r/empty-top-100.png",
     "level": 3
    }
   ],
   "url": "/voerur/heimilisvoerur/hreinlaetisvoerur/sapur/brunsapa-p-10036479",
   "availableInStock": 11,
   "alwaysInStock": false
  },
  {
   "sku": "30033975",
   "displayName": "Brúnsápa",
   "brand": "Anglamark",
   "weight": "900 ml.",
   "country": "DK",
   "productTeaser": "Ofnæmispr/Umhverfisvænt",
   "salesPrice": 649.0,
   "pricePerUnit": 721.0,
   "unitOfMeasure": "ltr.",
   "icons": [
    "Vegan",
    "NordicEcolabel"
   ],
   "hazardLabels": [],
   "imageUrl": "https://cdne-image-prod-samkaup.azureedge.net/images-pim/30033975/30033975.png",
   "offer": null,
   "bonus": null,
   "breadcrumbs": [
    {
     "name": "Vörur",
     "url": "/voerur/",
     "categoryId": null,
     "categoryImageUrl": "https://cdne-image-prod-samkaup.azureedge.net/images-cms/media/0btnugbh/fruits-and-vegetables-768x512.jpg",
     "level": 0
    },
    {
     "name": "Heimilisvörur",
     "url": "/voerur/heimilisvoerur/",
     "categoryId": "61aa173cdfbb03c07550ae16",
     "categoryImageUrl": "https://cdne-image-prod-samkaup.azureedge.net/images-cms/media/r02bbbqt/heimilisvoerur-1000-500-px.png",
     "level": 1
    },
    {
     "name": "Hreinlætisvörur",
     "url": "/voerur/heimilisvoerur/hreinlaetisvoerur/",
     "categoryId": "61afa983bffe2443147fb138",
     "categoryImageUrl": "https://cdne-image-prod-samkaup.azureedge.net/images-cms/media/e1nfe2ng/hreinlaetisvoerur-1000-500-px.png",
     "level": 2
    },
    {
     "name": "Sápur",
     "url": "/voerur/heimilisvoerur/hreinlaetisvoerur/sapur/",
     "categoryId": "61afa9efdfbb03c0755103a6",
     "categoryImageUrl": "https://cdne-image-prod-samkaup.azureedge.net/images-cms/media/bgbf4a3r/empty-top-100.png",
     "level": 3
    }
   ],
   "url": "/voerur/heimilisvoerur/hreinlaetisvoerur/sapur/brunsapa-p-30033975",
   "availableInStock": 7,
   "alwaysInStock": false
  },
  {
   "sku": "30207445",
   "displayName": "Bursti Stál/sílikon",
   "brand": "Maku",
   "weight": "",
   "country": "CN",
   "productTeaser": "20 cm.",
   "salesPrice": 719.0,
   "pricePerUnit": null,
   "unitOfMeasure": null,
   "icons": [],
   "hazardLabels": [],
   "imageUrl": "https://cdne-image-prod-samkaup.azureedge.net/images-pim/30207445/30207445.jpg",
   "offer": null,
   "bonus": null,
   "breadcrumbs": [
    {
     "name": "Vörur",
     "url": "/voerur/",
     "categoryId": null,
     "categoryImageUrl": "https://cdne-image-prod-samkaup.azureedge.net/images-cms/media/0btnugbh/fruits-and-vegetables-768x512.jpg",
     "level": 0
    },
    {
     "name": "Heimilisvörur",
     "url": "/voerur/heimilisvoerur/",
     "categoryId": "61aa173cdfbb03c07550ae16",
     "categoryImageUrl": "https://cdne-image-prod-samkaup.azureedge.net/images-cms/media/r02bbbqt/heimilisvoerur-1000-500-px.png",
     "level": 1
    },
    {
     "name": "Búsáhöld",
     "url": "/voerur/heimilisvoerur/busahoeld/",
     "categoryId": "61afa98d58952c9651e559fd",
     "categoryImageUrl": "https://cdne-image-prod-samkaup.azureedge.net/images-cms/media/uuwp3ewo/búsáhoeld-1000-500-px.png",
     "level": 2
    },
    {
     "name": "Eldunaráhöld",
     "url": "/voerur/heimilisvoerur/busahoeld/eldunarahoeld/",
     "categoryId": "624c221e7878f380ce845a20",
     "categoryImageUrl": "https://cdne-image-prod-samkaup.azureedge.net/images-cms/media/bgbf4a3r/empty-top-100.png",
     "level": 3
    }
   ],
   "url": "/voerur/heimilisvoerur/busahoeld/eldunarahoeld/bursti-stal-silikon-p-30207445",
   "availableInStock": 24,
   "alwaysInStock": false
  },
  {
   "sku": "30174009",
   "displayName": "Bökunarform",
   "brand": "Maku",
   "weight": "640 gr.",
   "country": "CN",
   "productTeaser": "3 stk. 22 cm. / 24 cm. / 26 cm.",
   "salesPrice": 2679.0,
   "pricePerUnit": 4186.0,
   "unitOfMeasure": "kg.",
   "icons": [],
   "hazardLabels": [],
   "imageUrl": "https://cdne-image-prod-samkaup.azureedge.net/images-pim/30174009/30174009_1.jpg",
   "offer": null,
   "bonus": null,
   "breadcrumbs": [
    {
     "name": "Vörur",
     "url": "/voerur/",
     "categoryId": null,
     "categoryImageUrl": "https://cdne-image-prod-samkaup.azureedge.net/images-cms/media/0btnugbh/fruits-and-vegetables-768x512.jpg",
     "level": 0
    },
    {
     "name": "Heimilisvörur",
     "url": "/voerur/heimilisvoerur/",
     "categoryId": "61aa173cdfbb03c07550ae16",
     "categoryImageUrl": "https://cdne-image-prod-samkaup.azureedge.net/images-cms/media/r02bbbqt/heimilisvoerur-1000-500-px.png",
     "level": 1
    },
    {
     "name": "Búsáhöld",
     "url": "/voerur/heimilisvoerur/busahoeld/",
     "categoryId": "61afa98d58952c9651e559fd",
     "categoryImageUrl": "https://cdne-image-prod-samkaup.azureedge.net/images-cms/media/uuwp3ewo/búsáhoeld-1000-500-px.png",
     "level": 2
    },
    {
     "name": "Bökunaráhöld",
     "url": "/voerur/heimilisvoerur/busahoeld/boekunarahoeld/",
     "categoryId": "624c223bd70c9cb51042ca6f",
     "categoryImageUrl": "https://cdne-image-prod-samkaup.azureedge.net/images-cms/media/bgbf4a3r/empty-top-100.png",
     "level": 3
    }
   ],
   "url": "/voerur/heimilisvoerur/busahoeld/boekunarahoeld/bokunarform-p-30174009",
   "availableInStock": 18,
   "alwaysInStock": false
  },
  {
   "sku": "30207470",
   "displayName": "Bökunarform",
   "brand": "Maku",
   "weight": "",
   "country": "CN",
   "productTeaser": "18 cm. 1,2 ltr.",
   "salesPrice": 959.0,
   "pricePerUnit": null,
   "unitOfMeasure": null,
   "icons": [],
   "hazardLabels": [],
   "imageUrl": "https://cdne-image-prod-samkaup.azureedge.net/images-pim/30207470/30207470.jpg",
   "offer": null,
   "bonus": null,
   "breadcrumbs": [
    {
     "name": "Vörur",
     "url": "/voerur/",
     "categoryId": null,
     "categoryImageUrl": "https://cdne-image-prod-samkaup.azureedge.net/images-cms/media/0btnugbh/fruits-and-vegetables-768x512.jpg",
     "level": 0
    },
    {
     "name": "Heimilisvörur",
     "url": "/voerur/heimilisvoerur/",
     "categoryId": "61aa173cdfbb03c07550ae16",
     "categoryImageUrl": "https://cdne-image-prod-samkaup.azureedge.net/images-cms/media/r02bbbqt/heimilisvoerur-1000-500-px.png",
     "level": 1
    },
    {
     "name": "Búsáhöld",
     "url": "/voerur/heimilisvoerur/busahoeld/",
     "categoryId": "61afa98d58952c9651e559fd",
     "categoryImageUrl": "https://cdne-image-prod-samkaup.azureedge.net/images-cms/media/uuwp3ewo/búsáhoeld-1000-500-px.png",
     "level": 2
    },
    {
     "name": "Bökunaráhöld",
     "url": "/voerur/heimilisvoerur/busahoeld/boekunarahoeld/",
     "categoryId": "624c223bd70c9cb51042ca6f",
     "categoryImageUrl": "https://cdne-image-prod-samkaup.azureedge.net/images-cms/media/bgbf4a3r/empty-top-100.png",
     "level": 3
    }
   ],
   "url": "/voerur/heimilisvoerur/busahoeld/boekunarahoeld/bokunarform-p-30207470",
   "availableInStock": 12,
   "alwaysInStock": false
  },
  {
   "sku": "30207042",
   "displayName": "Bökunarform Brauð",
   "brand": "Maku",
   "weight": "",
   "country": "CN",
   "productTeaser": "35 cm.",
   "salesPrice": 3029.0,
   "pricePerUnit": null,
   "unitOfMeasure": null,
   "icons": [],
   "hazardLabels": [],
   "imageUrl": "https://cdne-image-prod-samkaup.azureedge.net/images-pim/30207042/30207042.jpg",
   "offer": {
    "discountedSalesPrice": 1514.0,
    "discountAmount": 1515.0,
    "description": "50%",
    "discountType": "SavePercentage",
    "offerValue": 50.0,
    "minimumQuantity": 1
   },
   "bonus": null,
   "breadcrumbs": [
    {
     "name": "Vörur",
     "url": "/voerur/",
     "categoryId": null,
     "categoryImageUrl": "https://cdne-image-prod-samkaup.azureedge.net/images-cms/media/0btnugbh/fruits-and-vegetables-768x512.jpg",
     "level": 0
    },
    {
     "name": "Heimilisvörur",
     "url": "/voerur/heimilisvoerur/",
     "categoryId": "61aa173cdfbb03c07550ae16",
     "categoryImageUrl": "https://cdne-image-prod-samkaup.azureedge.net/images-cms/media/r02bbbqt/heimilisvoerur-1000-500-px.png",
     "level": 1
    },
    {
     "name": "Búsáhöld",
     "url": "/voerur/heimilisvoerur/busahoeld/",
     "categoryId": "61afa98d58952c9651e559fd",
     "categoryImageUrl": "https://cdne-image-prod-samkaup.azureedge.net/images-cms/media/uuwp3ewo/búsáhoeld-1000-500-px.png",
     "level": 2
    },
    {
     "name": "Bökunaráhöld",
     "url": "/voerur/heimilisvoerur/busahoeld/boekunarahoeld/",
     "categoryId": "624c223bd70c9cb51042ca6f",
     "categoryImageUrl": "https://cdne-image-prod-samkaup.azureedge.net/images-cms/media/bgbf4a3r/empty-top-100.png",
     "level": 3
    }
   ],
   "url": "/voerur/heimilisvoerur/busahoeld/boekunarahoeld/bokunarform-braud-p-30207042",
   "availableInStock": 2,
   "alwaysInStock": false
  },
  {
   "sku": "30203931",
   "displayName": "C Plus",
   "brand": "Duracell",
   "weight": "",
   "country": "",
   "productTeaser": "2 stk.",
   "salesPrice": 479.0,
   "pricePerUnit": null,
   "unitOfMeasure": null,
   "icons": [],
   "hazardLabels": [],
   "imageUrl": "https://cdne-image-prod-samkaup.azureedge.net/images-pim/30203931/30203931.jpg",
   "offer": null,
   "bonus": null,
   "breadcrumbs": [
    {
     "name": "Vörur",
     "url": "/voerur/",
     "categoryId": null,
     "categoryImageUrl": "https://cdne-image-prod-samkaup.azureedge.net/images-cms/media/0btnugbh/fruits-and-vegetables-768x512.jpg",
     "level": 0
    },
    {
     "name": "Heimilisvörur",
     "url": "/voerur/heimilisvoerur/",
     "categoryId": "61aa173cdfbb03c07550ae16",
     "categoryImageUrl": "https://cdne-image-prod-samkaup.azureedge.net/images-cms/media/r02bbbqt/heimilisvoerur-1000-500-px.png",
     "level": 1
    },
    {
     "name": "Rafhlöður",
     "url": "/voerur/heimilisvoerur/rafhloedur/",
     "categoryId": "61afa995dfbb03c07551039c",
     "categoryImageUrl": "https://cdne-image-prod-samkaup.azureedge.net/images-cms/media/qfvmi00p/rafhloeður-1000-500-px.png",
     "level": 2
    },
    {
     "name": "C",
     "url": "/voerur/heimilisvoerur/rafhloedur/c/",
     "categoryId": "624c23557878f380ce845a35",
     "categoryImageUrl": "https://cdne-image-prod-samkaup.azureedge.net/images-cms/media/bgbf4a3r/empty-top-100.png",
     "level": 3
    }
   ],
   "url": "/voerur/heimilisvoerur/rafhloedur/c/c-plus-p-30203931",
   "availableInStock": 0,
   "alwaysInStock": true
  },
  {
   "sku": "10042072",
   "displayName": "C Plus Power",
   "brand": "Duracell",
   "weight": "",
   "country": "GB",
   "productTeaser": "2 stk.",
   "salesPrice": 519.0,
   "pricePerUnit": null,
   "unitOfMeasure": null,
   "icons": [],
   "hazardLabels": [],
   "imageUrl": "https://cdne-image-prod-samkaup.azureedge.net/images-pim/10042072/10042072.jpg",
   "offer": null,
   "bonus": null,
   "breadcrumbs": [
    {
     "name": "Vörur",
     "url": "/voerur/",
     "categoryId": null,
     "categoryImageUrl": "https://cdne-image-prod-samkaup.azureedge.net/images-cms/media/0btnugbh/fruits-and-vegetables-768x512.jpg",
     "level": 0
    },
    {
     "name": "Heimilisvörur",
     "url": "/voerur/heimilisvoerur/",
     "categoryId": "61aa173cdfbb03c07550ae16",
     "categoryImageUrl": "https://cdne-image-prod-samkaup.azureedge.net/images-cms/media/r02bbbqt/heimilisvoerur-1000-500-px.png",
     "level": 1
    },
    {
     "name": "Rafhlöður",
     "url": "/voerur/heimilisvoerur/rafhloedur/",
     "categoryId": "61afa995dfbb03c07551039c",
     "categoryImageUrl": "https://cdne-image-prod-samkaup.azureedge.net/images-cms/media/qfvmi00p/rafhloeður-1000-500-px.png",
     "level": 2
    },
    {
     "name": "C",
     "url": "/voerur/heimilisvoerur/rafhloedur/c/",
     "categoryId": "624c23557878f380ce845a35",
     "categoryImageUrl": "https://cdne-image-prod-samkaup.azureedge.net/images-cms/media/bgbf4a3r/empty-top-100.png",
     "level": 3
    }
   ],
   "url": "/voerur/heimilisvoerur/rafhloedur/c/c-plus-power-p-10042072",
   "availableInStock": 0,
   "alwaysInStock": true
  },
  {
   "sku": "30169393",
   "displayName": "Ceramic Hnífur 20 cm.",
   "brand": "Maku",
   "weight": "73 gr.",
   "country": "CN",
   "productTeaser": "",
   "salesPrice": 1189.0,
   "pricePerUnit": 16288.0,
   "unitOfMeasure": "kg.",
   "icons": [],
   "hazardLabels": [],
   "imageUrl": "https://cdne-image-prod-samkaup.azureedge.net/images-pim/30169393/30169393.jpg",
   "offer": null,
   "bonus": null,
   "breadcrumbs": [
    {
     "name": "Vörur",
     "url": "/voerur/",
     "categoryId": null,
     "categoryImageUrl": "https://cdne-image-prod-samkaup.azureedge.net/images-cms/media/0btnugbh/fruits-and-vegetables-768x512.jpg",
     "level": 0
    },
    {
     "name": "Heimilisvörur",
     "url": "/voerur/heimilisvoerur/",
     "categoryId": "61aa173cdfbb03c07550ae16",
     "categoryImageUrl": "https://cdne-image-prod-samkaup.azureedge.net/images-cms/media/r02bbbqt/heimilisvoerur-1000-500-px.png",
     "level": 1
    },
    {
     "name": "Búsáhöld",
     "url": "/voerur/heimilisvoerur/busahoeld/",
     "categoryId": "61afa98d58952c9651e559fd",
     "categoryImageUrl": "https://cdne-image-prod-samkaup.azureedge.net/images-cms/media/uuwp3ewo/búsáhoeld-1000-500-px.png",
     "level": 2
    },
    {
     "name": "Hnífapör",
     "url": "/voerur/heimilisvoerur/busahoeld/hnifapoer/",
     "categoryId": "624da256ae8a756a44830d1e",
     "categoryImageUrl": "https://cdne-image-prod-samkaup.azureedge.net/images-cms/media/bgbf4a3r/empty-top-100.png",
     "level": 3
    }
   ],
   "url": "/voerur/heimilisvoerur/busahoeld/hnifapoer/ceramic-hnifur-20-cm-p-30169393",
   "availableInStock": 7,
   "alwaysInStock": false
  },
  {
   "sku": "30169394",
   "displayName": "Ceramic Hnífur 24 cm.",
   "brand": "Maku",
   "weight": "100 gr.",
   "country": "CN",
   "productTeaser": "",
   "salesPrice": 1519.0,
   "pricePerUnit": 15190.0,
   "unitOfMeasure": "kg.",
   "icons": [],
   "hazardLabels": [],
   "imageUrl": "https://cdne-image-prod-samkaup.azureedge.net/images-pim/30169394/30169394.jpg",
   "offer": null,
   "bonus": null,
   "breadcrumbs": [
    {
     "name": "Vörur",
     "url": "/voerur/",
     "categoryId": null,
     "categoryImageUrl": "https://cdne-image-prod-samkaup.azureedge.net/images-cms/media/0btnugbh/fruits-and-vegetables-768x512.jpg",
     "level": 0
    },
    {
     "name": "Heimilisvörur",
     "url": "/voerur/heimilisvoerur/",
     "categoryId": "61aa173cdfbb03c07550ae16",
     "categoryImageUrl": "https://cdne-image-prod-samkaup.azureedge.net/images-cms/media/r02bbbqt/heimilisvoerur-1000-500-px.png",
     "level": 1
    },
    {
     "name": "Búsáhöld",
     "url": "/voerur/heimilisvoerur/busahoeld/",
     "categoryId": "61afa98d58952c9651e559fd",
     "categoryImageUrl": "https://cdne-image-prod-samkaup.azureedge.net/images-cms/media/uuwp3ewo/búsáhoeld-1000-500-px.png",
     "level": 2
    },
    {
     "name": "Hnífapör",
     "url": "/voerur/heimilisvoerur/busahoeld/hnifapoer/",
     "categoryId": "624da256ae8a756a44830d1e",
     "categoryImageUrl": "https://cdne-image-prod-samkaup.azureedge.net/images-cms/media/bgbf4a3r/empty-top-100.png",
     "level": 3
    }
   ],
   "url": "/voerur/heimilisvoerur/busahoeld/hnifapoer/ceramic-hnifur-24-cm-p-30169394",
   "availableInStock": 7,
   "alwaysInStock": false
  },
  {
   "sku": "30169392",
   "displayName": "Ceramic Hnífur 28 cm.",
   "brand": "Maku",
   "weight": "100 gr.",
   "country": "CN",
   "productTeaser": "",
   "salesPrice": 1919.0,
   "pricePerUnit": 19190.0,
   "unitOfMeasure": "kg.",
   "icons": [],
   "hazardLabels": [],
   "imageUrl": "https://cdne-image-prod-samkaup.azureedge.net/images-pim/30169392/30169392.jpg",
   "offer": null,
   "bonus": null,
   "breadcrumbs": [
    {
     "name": "Vörur",
     "url": "/voerur/",
     "categoryId": null,
     "categoryImageUrl": "https://cdne-image-prod-samkaup.azureedge.net/images-cms/media/0btnugbh/fruits-and-vegetables-768x512.jpg",
     "level": 0
    },
    {
     "name": "Heimilisvörur",
     "url": "/voerur/heimilisvoerur/",
     "categoryId": "61aa173cdfbb03c07550ae16",
     "categoryImageUrl": "https://cdne-image-prod-samkaup.azureedge.net/images-cms/media/r02bbbqt/heimilisvoerur-1000-500-px.png",
     "level": 1
    },
    {
     "name": "Búsáhöld",
     "url": "/voerur/heimilisvoerur/busahoeld/",
     "categoryId": "61afa98d58952c9651e559fd",
     "categoryImageUrl": "https://cdne-image-prod-samkaup.azureedge.net/images-cms/media/uuwp3ewo/búsáhoeld-1000-500-px.png",
     "level": 2
    },
    {
     "name": "Hnífapör",
     "url": "/voerur/heimilisvoerur/busahoeld/hnifapoer/",
     "categoryId": "624da256ae8a756a44830d1e",
     "categoryImageUrl": "https://cdne-image-prod-samkaup.azureedge.net/images-cms/media/bgbf4a3r/empty-top-100.png",
     "level": 3
    }
   ],
   "url": "/voerur/heimilisvoerur/busahoeld/hnifapoer/ceramic-hnifur-28-cm-p-30169392",
   "availableInStock": 11,
   "alwaysInStock": false
  },
  {
   "sku": "30179664",
   "displayName": "Color Protection",
   "brand": "Beckmann",
   "weight": "1 kg.",
   "country": "",
   "productTeaser": "Fjölnota",
   "salesPrice": 759.0,
   "pricePerUnit": 759.0,
   "unitOfMeasure": "kg.",
   "icons": [],
   "hazardLabels": [],
   "imageUrl": "https://cdne-image-prod-samkaup.azureedge.net/images-pim/30179664/30179664.jpg",
   "offer": null,
   "bonus": null,
   "breadcrumbs": [
    {
     "name": "Vörur",
     "url": "/voerur/",
     "categoryId": null,
     "categoryImageUrl": "https://cdne-image-prod-samkaup.azureedge.net/images-cms/media/0btnugbh/fruits-and-vegetables-768x512.jpg",
     "level": 0
    },
    {
     "name": "Heimilisvörur",
     "url": "/voerur/heimilisvoerur/",
     "categoryId": "61aa173cdfbb03c07550ae16",
     "categoryImageUrl": "https://cdne-image-prod-samkaup.azureedge.net/images-cms/media/r02bbbqt/heimilisvoerur-1000-500-px.png",
     "level": 1
    },
    {
     "name": "Hreinlætisvörur",
     "url": "/voerur/heimilisvoerur/hreinlaetisvoerur/",
     "categoryId": "61afa983bffe2443147fb138",
     "categoryImageUrl": "https://cdne-image-prod-samkaup.azureedge.net/images-cms/media/e1nfe2ng/hreinlaetisvoerur-1000-500-px.png",
     "level": 2
    },
    {
     "name": "Fyrir þvottavélina og þurrkarann",
     "url": "/voerur/heimilisvoerur/hreinlaetisvoerur/fyrir-thvottavelina-og-thurrkarann/",
     "categoryId": "61afa9c0dfbb03c0755103a4",
     "categoryImageUrl": "https://cdne-image-prod-samkaup.azureedge.net/images-cms/media/bgbf4a3r/empty-top-100.png",
     "level": 3
    }
   ],
   "url": "/voerur/heimilisvoerur/hreinlaetisvoerur/fyrir-thvottavelina-og-thurrkarann/color-protection-p-30179664",
   "availableInStock": 4,
   "alwaysInStock": false
  },
  {
   "sku": "10084620",
   "displayName": "Crayola Trélitir",
   "brand": "Crayola",
   "weight": "100 gr.",
   "country": "",
   "productTeaser": "12 stk.",
   "salesPrice": 1169.0,
   "pricePerUnit": 11690.0,
   "unitOfMeasure": "kg.",
   "icons": [],
   "hazardLabels": [],
   "imageUrl": "https://cdne-image-prod-samkaup.azureedge.net/images-pim/10084620/10084620.jpg",
   "offer": null,
   "bonus": null,
   "breadcrumbs": [
    {
     "name": "Vörur",
     "url": "/voerur/",
     "categoryId": null,
     "categoryImageUrl": "https://cdne-image-prod-samkaup.azureedge.net/images-cms/media/0btnugbh/fruits-and-vegetables-768x512.jpg",
     "level": 0
    },
    {
     "name": "Heimilisvörur",
     "url": "/voerur/heimilisvoerur/",
     "categoryId": "61aa173cdfbb03c07550ae16",
     "categoryImageUrl": "https://cdne-image-prod-samkaup.azureedge.net/images-cms/media/r02bbbqt/heimilisvoerur-1000-500-px.png",
     "level": 1
    },
    {
     "name": "Skóla-og skrifstofuvörur",
     "url": "/voerur/heimilisvoerur/skola-og-skrifstofuvoerur/",
     "categoryId": "61afa9a5bffe2443147fb13a",
     "categoryImageUrl": "https://cdne-image-prod-samkaup.azureedge.net/images-cms/media/otsmhl0j/skólavoerur-1000-500-px.png",
     "level": 2
    },
    {
     "name": "Litir og yddarar",
     "url": "/voerur/heimilisvoerur/skola-og-skrifstofuvoerur/litir-og-yddarar/",
     "categoryId": "624c2545061b04309fa3f44d",
     "categoryImageUrl": "https://cdne-image-prod-samkaup.azureedge.net/images-cms/media/bgbf4a3r/empty-top-100.png",
     "level": 3
    }
   ],
   "url": "/voerur/heimilisvoerur/skola-og-skrifstofuvoerur/litir-og-yddarar/crayola-trelitir-p-10084620",
   "availableInStock": 0,
   "alwaysInStock": true
  },
  {
   "sku": "10084897",
   "displayName": "Crayola Trélitir",
   "brand": "Crayola",
   "weight": "100 gr.",
   "country": "",
   "productTeaser": "24 stk.",
   "salesPrice": 2089.0,
   "pricePerUnit": 20890.0,
   "unitOfMeasure": "kg.",
   "icons": [],
   "hazardLabels": [],
   "imageUrl": "https://cdne-image-prod-samkaup.azureedge.net/images-pim/10084897/10084897.jpg",
   "offer": null,
   "bonus": null,
   "breadcrumbs": [
    {
     "name": "Vörur",
     "url": "/voerur/",
     "categoryId": null,
     "categoryImageUrl": "https://cdne-image-prod-samkaup.azureedge.net/images-cms/media/0btnugbh/fruits-and-vegetables-768x512.jpg",
     "level": 0
    },
    {
     "name": "Heimilisvörur",
     "url": "/voerur/heimilisvoerur/",
     "categoryId": "61aa173cdfbb03c07550ae16",
     "categoryImageUrl": "https://cdne-image-prod-samkaup.azureedge.net/images-cms/media/r02bbbqt/heimilisvoerur-1000-500-px.png",
     "level": 1
    },
    {
     "name": "Skóla-og skrifstofuvörur",
     "url": "/voerur/heimilisvoerur/skola-og-skrifstofuvoerur/",
     "categoryId": "61afa9a5bffe2443147fb13a",
     "categoryImageUrl": "https://cdne-image-prod-samkaup.azureedge.net/images-cms/media/otsmhl0j/skólavoerur-1000-500-px.png",
     "level": 2
    },
    {
     "name": "Litir og yddarar",
     "url": "/voerur/heimilisvoerur/skola-og-skrifstofuvoerur/litir-og-yddarar/",
     "categoryId": "624c2545061b04309fa3f44d",
     "categoryImageUrl": "https://cdne-image-prod-samkaup.azureedge.net/images-cms/media/bgbf4a3r/empty-top-100.png",
     "level": 3
    }
   ],
   "url": "/voerur/heimilisvoerur/skola-og-skrifstofuvoerur/litir-og-yddarar/crayola-trelitir-p-10084897",
   "availableInStock": 0,
   "alwaysInStock": true
  },
  {
   "sku": "10019371",
   "displayName": "Crayola Vaxlitir",
   "brand": "Crayola",
   "weight": "100 gr.",
   "country": "",
   "productTeaser": "8 stk.",
   "salesPrice": 469.0,
   "pricePerUnit": 4690.0,
   "unitOfMeasure": "kg.",
   "icons": [],
   "hazardLabels": [],
   "imageUrl": "https://cdne-image-prod-samkaup.azureedge.net/images-pim/10019371/10019371_1.jpg",
   "offer": null,
   "bonus": null,
   "breadcrumbs": [
    {
     "name": "Vörur",
     "url": "/voerur/",
     "categoryId": null,
     "categoryImageUrl": "https://cdne-image-prod-samkaup.azureedge.net/images-cms/media/0btnugbh/fruits-and-vegetables-768x512.jpg",
     "level": 0
    },
    {
     "name": "Heimilisvörur",
     "url": "/voerur/heimilisvoerur/",
     "categoryId": "61aa173cdfbb03c07550ae16",
     "categoryImageUrl": "https://cdne-image-prod-samkaup.azureedge.net/images-cms/media/r02bbbqt/heimilisvoerur-1000-500-px.png",
     "level": 1
    },
    {
     "name": "Skóla-og skrifstofuvörur",
     "url": "/voerur/heimilisvoerur/skola-og-skrifstofuvoerur/",
     "categoryId": "61afa9a5bffe2443147fb13a",
     "categoryImageUrl": "https://cdne-image-prod-samkaup.azureedge.net/images-cms/media/otsmhl0j/skólavoerur-1000-500-px.png",
     "level": 2
    },
    {
     "name": "Litir og yddarar",
     "url": "/voerur/heimilisvoerur/skola-og-skrifstofuvoerur/litir-og-yddarar/",
     "categoryId": "624c2545061b04309fa3f44d",
     "categoryImageUrl": "https://cdne-image-prod-samkaup.azureedge.net/images-cms/media/bgbf4a3r/empty-top-100.png",
     "level": 3
    }
   ],
   "url": "/voerur/heimilisvoerur/skola-og-skrifstofuvoerur/litir-og-yddarar/crayola-vaxlitir-p-10019371",
   "availableInStock": 0,
   "alwaysInStock": true
  },
  {
   "sku": "10083844",
   "displayName": "Crayola Vaxlitir",
   "brand": "Crayola",
   "weight": "100 gr.",
   "country": "",
   "productTeaser": "24 stk.",
   "salesPrice": 869.0,
   "pricePerUnit": 8690.0,
   "unitOfMeasure": "kg.",
   "icons": [],
   "hazardLabels": [],
   "imageUrl": "https://cdne-image-prod-samkaup.azureedge.net/images-pim/10083844/10083844.jpg",
   "offer": null,
   "bonus": null,
   "breadcrumbs": [
    {
     "name": "Vörur",
     "url": "/voerur/",
     "categoryId": null,
     "categoryImageUrl": "https://cdne-image-prod-samkaup.azureedge.net/images-cms/media/0btnugbh/fruits-and-vegetables-768x512.jpg",
     "level": 0
    },
    {
     "name": "Heimilisvörur",
     "url": "/voerur/heimilisvoerur/",
     "categoryId": "61aa173cdfbb03c07550ae16",
     "categoryImageUrl": "https://cdne-image-prod-samkaup.azureedge.net/images-cms/media/r02bbbqt/heimilisvoerur-1000-500-px.png",
     "level": 1
    },
    {
     "name": "Skóla-og skrifstofuvörur",
     "url": "/voerur/heimilisvoerur/skola-og-skrifstofuvoerur/",
     "categoryId": "61afa9a5bffe2443147fb13a",
     "categoryImageUrl": "https://cdne-image-prod-samkaup.azureedge.net/images-cms/media/otsmhl0j/skólavoerur-1000-500-px.png",
     "level": 2
    },
    {
     "name": "Litir og yddarar",
     "url": "/voerur/heimilisvoerur/skola-og-skrifstofuvoerur/litir-og-yddarar/",
     "categoryId": "624c2545061b04309fa3f44d",
     "categoryImageUrl": "https://cdne-image-prod-samkaup.azureedge.net/images-cms/media/bgbf4a3r/empty-top-100.png",
     "level": 3
    }
   ],
   "url": "/voerur/heimilisvoerur/skola-og-skrifstofuvoerur/litir-og-yddarar/crayola-vaxlitir-p-10083844",
   "availableInStock": 0,
   "alwaysInStock": true
  },
  {
   "sku": "30210169",
   "displayName": "Crease Releaser Gold Orchid",
   "brand": "Lenor",
   "weight": "500 ml.",
   "country": "GB",
   "productTeaser": "",
   "salesPrice": 699.0,
   "pricePerUnit": 1398.0,
   "unitOfMeasure": "ltr.",
   "icons": [],
   "hazardLabels": [],
   "imageUrl": "https://cdne-image-prod-samkaup.azureedge.net/images-pim/30210169/30210169.jpg",
   "offer": null,
   "bonus": null,
   "breadcrumbs": [
    {
     "name": "Vörur",
     "url": "/voerur/",
     "categoryId": null,
     "categoryImageUrl": "https://cdne-image-prod-samkaup.azureedge.net/images-cms/media/0btnugbh/fruits-and-vegetables-768x512.jpg",
     "level": 0
    },
    {
     "name": "Heimilisvörur",
     "url": "/voerur/heimilisvoerur/",
     "categoryId": "61aa173cdfbb03c07550ae16",
     "categoryImageUrl": "https://cdne-image-prod-samkaup.azureedge.net/images-cms/media/r02bbbqt/heimilisvoerur-1000-500-px.png",
     "level": 1
    },
    {
     "name": "Hreinlætisvörur",
     "url": "/voerur/heimilisvoerur/hreinlaetisvoerur/",
     "categoryId": "61afa983bffe2443147fb138",
     "categoryImageUrl": "https://cdne-image-prod-samkaup.azureedge.net/images-cms/media/e1nfe2ng/hreinlaetisvoerur-1000-500-px.png",
     "level": 2
    },
    {
     "name": "Fyrir þvottavélina og þurrkarann",
     "url": "/voerur/heimilisvoerur/hreinlaetisvoerur/fyrir-thvottavelina-og-thurrkarann/",
     "categoryId": "61afa9c0dfbb03c0755103a4",
     "categoryImageUrl": "https://cdne-image-prod-samkaup.azureedge.net/images-cms/media/bgbf4a3r/empty-top-100.png",
     "level": 3
    }
   ],
   "url": "/voerur/heimilisvoerur/hreinlaetisvoerur/fyrir-thvottavelina-og-thurrkarann/crease-releaser-gold-orchid-p-30210169",
   "availableInStock": 4,
   "alwaysInStock": false
  },
  {
   "sku": "30205329",
   "displayName": "Cremé Brulé Mót",
   "brand": "Maku",
   "weight": "200 ml.",
   "country": "CN",
   "productTeaser": "",
   "salesPrice": 519.0,
   "pricePerUnit": 2595.0,
   "unitOfMeasure": "ltr.",
   "icons": [],
   "hazardLabels": [],
   "imageUrl": "https://cdne-image-prod-samkaup.azureedge.net/images-pim/30205329/30205329.jpg",
   "offer": null,
   "bonus": null,
   "breadcrumbs": [
    {
     "name": "Vörur",
     "url": "/voerur/",
     "categoryId": null,
     "categoryImageUrl": "https://cdne-image-prod-samkaup.azureedge.net/images-cms/media/0btnugbh/fruits-and-vegetables-768x512.jpg",
     "level": 0
    },
    {
     "name": "Heimilisvörur",
     "url": "/voerur/heimilisvoerur/",
     "categoryId": "61aa173cdfbb03c07550ae16",
     "categoryImageUrl": "https://cdne-image-prod-samkaup.azureedge.net/images-cms/media/r02bbbqt/heimilisvoerur-1000-500-px.png",
     "level": 1
    },
    {
     "name": "Búsáhöld",
     "url": "/voerur/heimilisvoerur/busahoeld/",
     "categoryId": "61afa98d58952c9651e559fd",
     "categoryImageUrl": "https://cdne-image-prod-samkaup.azureedge.net/images-cms/media/uuwp3ewo/búsáhoeld-1000-500-px.png",
     "level": 2
    },
    {
     "name": "Eldföstmót",
     "url": "/voerur/heimilisvoerur/busahoeld/eldfoestmot/",
     "categoryId": "624c22a4061b04309fa3f40e",
     "categoryImageUrl": "https://cdne-image-prod-samkaup.azureedge.net/images-cms/media/bgbf4a3r/empty-top-100.png",
     "level": 3
    }
   ],
   "url": "/voerur/heimilisvoerur/busahoeld/eldfoestmot/creme-brule-mot-p-30205329",
   "availableInStock": 9,
   "alwaysInStock": false
  },
  {
   "sku": "30191154",
   "displayName": "Crosswave 3in1 Cleaner",
   "brand": "Bissell",
   "weight": "",
   "country": "",
   "productTeaser": "",
   "salesPrice": 39999.0,
   "pricePerUnit": null,
   "unitOfMeasure": null,
   "icons": [],
   "hazardLabels": [],
   "imageUrl": "https://cdne-image-prod-samkaup.azureedge.net/images-pim/30191154/30191154.png",
   "offer": null,
   "bonus": null,
   "breadcrumbs": [
    {
     "name": "Vörur",
     "url": "/voerur/",
     "categoryId": null,
     "categoryImageUrl": "https://cdne-image-prod-samkaup.azureedge.net/images-cms/media/0btnugbh/fruits-and-vegetables-768x512.jpg",
     "level": 0
    },
    {
     "name": "Heimilisvörur",
     "url": "/voerur/heimilisvoerur/",
     "categoryId": "61aa173cdfbb03c07550ae16",
     "categoryImageUrl": "https://cdne-image-prod-samkaup.azureedge.net/images-cms/media/r02bbbqt/heimilisvoerur-1000-500-px.png",
     "level": 1
    },
    {
     "name": "Hreinlætisáhöld",
     "url": "/voerur/heimilisvoerur/hreinlaetisahoeld/",
     "categoryId": "61afa989dfbb03c07551039b",
     "categoryImageUrl": "https://cdne-image-prod-samkaup.azureedge.net/images-cms/media/tfqfbcht/hreinlaetisáhoeld-1000-500-px.png",
     "level": 2
    }
   ],
   "url": "/voerur/heimilisvoerur/hreinlaetisahoeld/crosswave-3in1-cleaner-p-30191154",
   "availableInStock": 58,
   "alwaysInStock": false
  },
  {
   "sku": "30203932",
   "displayName": "D Plus",
   "brand": "Duracell",
   "weight": "",
   "country": "",
   "productTeaser": "2 stk.",
   "salesPrice": 479.0,
   "pricePerUnit": null,
   "unitOfMeasure": null,
   "icons": [],
   "hazardLabels": [],
   "imageUrl": "https://cdne-image-prod-samkaup.azureedge.net/images-pim/30203932/30203932.jpg",
   "offer": null,
   "bonus": null,
   "breadcrumbs": [
    {
     "name": "Vörur",
     "url": "/voerur/",
     "categoryId": null,
     "categoryImageUrl": "https://cdne-image-prod-samkaup.azureedge.net/images-cms/media/0btnugbh/fruits-and-vegetables-768x512.jpg",
     "level": 0
    },
    {
     "name": "Heimilisvörur",
     "url": "/voerur/heimilisvoerur/",
     "categoryId": "61aa173cdfbb03c07550ae16",
     "categoryImageUrl": "https://cdne-image-prod-samkaup.azureedge.net/images-cms/media/r02bbbqt/heimilisvoerur-1000-500-px.png",
     "level": 1
    },
    {
     "name": "Rafhlöður",
     "url": "/voerur/heimilisvoerur/rafhloedur/",
     "categoryId": "61afa995dfbb03c07551039c",
     "categoryImageUrl": "https://cdne-image-prod-samkaup.azureedge.net/images-cms/media/qfvmi00p/rafhloeður-1000-500-px.png",
     "level": 2
    },
    {
     "name": "D",
     "url": "/voerur/heimilisvoerur/rafhloedur/d/",
     "categoryId": "624c2357061b04309fa3f422",
     "categoryImageUrl": "https://cdne-image-prod-samkaup.azureedge.net/images-cms/media/bgbf4a3r/empty-top-100.png",
     "level": 3
    }
   ],
   "url": "/voerur/heimilisvoerur/rafhloedur/d/d-plus-p-30203932",
   "availableInStock": 0,
   "alwaysInStock": true
  },
  {
   "sku": "10042071",
   "displayName": "D Plus Power",
   "brand": "Duracell",
   "weight": "",
   "country": "GB",
   "productTeaser": "2 stk",
   "salesPrice": 519.0,
   "pricePerUnit": null,
   "unitOfMeasure": null,
   "icons": [],
   "hazardLabels": [],
   "imageUrl": "https://cdne-image-prod-samkaup.azureedge.net/images-pim/10042071/10042071.jpg",
   "offer": null,
   "bonus": null,
   "breadcrumbs": [
    {
     "name": "Vörur",
     "url": "/voerur/",
     "categoryId": null,
     "categoryImageUrl": "https://cdne-image-prod-samkaup.azureedge.net/images-cms/media/0btnugbh/fruits-and-vegetables-768x512.jpg",
     "level": 0
    },
    {
     "name": "Heimilisvörur",
     "url": "/voerur/heimilisvoerur/",
     "categoryId": "61aa173cdfbb03c07550ae16",
     "categoryImageUrl": "https://cdne-image-prod-samkaup.azureedge.net/images-cms/media/r02bbbqt/heimilisvoerur-1000-500-px.png",
     "level": 1
    },
    {
     "name": "Rafhlöður",
     "url": "/voerur/heimilisvoerur/rafhloedur/",
     "categoryId": "61afa995dfbb03c07551039c",
     "categoryImageUrl": "https://cdne-image-prod-samkaup.azureedge.net/images-cms/media/qfvmi00p/rafhloeður-1000-500-px.png",
     "level": 2
    },
    {
     "name": "D",
     "url": "/voerur/heimilisvoerur/rafhloedur/d/",
     "categoryId": "624c2357061b04309fa3f422",
     "categoryImageUrl": "https://cdne-image-prod-samkaup.azureedge.net/images-cms/media/bgbf4a3r/empty-top-100.png",
     "level": 3
    }
   ],
   "url": "/voerur/heimilisvoerur/rafhloedur/d/d-plus-power-p-10042071",
   "availableInStock": 0,
   "alwaysInStock": true
  },
  {
   "sku": "30174613",
   "displayName": "Desilítramál",
   "brand": "Maku",
   "weight": "50 gr.",
   "country": "IN",
   "productTeaser": "",
   "salesPrice": 529.0,
   "pricePerUnit": 10580.0,
   "unitOfMeasure": "kg.",
   "icons": [],
   "hazardLabels": [],
   "imageUrl": "https://cdne-image-prod-samkaup.azureedge.net/images-pim/30174613/30174613.jpg",
   "offer": null,
   "bonus": null,
   "breadcrumbs": [
    {
     "name": "Vörur",
     "url": "/voerur/",
     "categoryId": null,
     "categoryImageUrl": "https://cdne-image-prod-samkaup.azureedge.net/images-cms/media/0btnugbh/fruits-and-vegetables-768x512.jpg",
     "level": 0
    },
    {
     "name": "Heimilisvörur",
     "url": "/voerur/heimilisvoerur/",
     "categoryId": "61aa173cdfbb03c07550ae16",
     "categoryImageUrl": "https://cdne-image-prod-samkaup.azureedge.net/images-cms/media/r02bbbqt/heimilisvoerur-1000-500-px.png",
     "level": 1
    },
    {
     "name": "Búsáhöld",
     "url": "/voerur/heimilisvoerur/busahoeld/",
     "categoryId": "61afa98d58952c9651e559fd",
     "categoryImageUrl": "https://cdne-image-prod-samkaup.azureedge.net/images-cms/media/uuwp3ewo/búsáhoeld-1000-500-px.png",
     "level": 2
    },
    {
     "name": "Bökunaráhöld",
     "url": "/voerur/heimilisvoerur/busahoeld/boekunarahoeld/",
     "categoryId": "624c223bd70c9cb51042ca6f",
     "categoryImageUrl": "https://cdne-image-prod-samkaup.azureedge.net/images-cms/media/bgbf4a3r/empty-top-100.png",
     "level": 3
    }
   ],
   "url": "/voerur/heimilisvoerur/busahoeld/boekunarahoeld/desilitramal-p-30174613",
   "availableInStock": 21,
   "alwaysInStock": false
  },
  {
   "sku": "30079419",
   "displayName": "Diskaþurrka Bómull",
   "brand": "Takk",
   "weight": "",
   "country": "",
   "productTeaser": "",
   "salesPrice": 619.0,
   "pricePerUnit": null,
   "unitOfMeasure": null,
   "icons": [],
   "hazardLabels": [],
   "imageUrl": "https://cdne-image-prod-samkaup.azureedge.net/images-pim/30079419/30079419.jpeg",
   "offer": null,
   "bonus": null,
   "breadcrumbs": [
    {
     "name": "Vörur",
     "url": "/voerur/",
     "categoryId": null,
     "categoryImageUrl": "https://cdne-image-prod-samkaup.azureedge.net/images-cms/media/0btnugbh/fruits-and-vegetables-768x512.jpg",
     "level": 0
    },
    {
     "name": "Heimilisvörur",
     "url": "/voerur/heimilisvoerur/",
     "categoryId": "61aa173cdfbb03c07550ae16",
     "categoryImageUrl": "https://cdne-image-prod-samkaup.azureedge.net/images-cms/media/r02bbbqt/heimilisvoerur-1000-500-px.png",
     "level": 1
    },
    {
     "name": "Hreinlætisáhöld",
     "url": "/voerur/heimilisvoerur/hreinlaetisahoeld/",
     "categoryId": "61afa989dfbb03c07551039b",
     "categoryImageUrl": "https://cdne-image-prod-samkaup.azureedge.net/images-cms/media/tfqfbcht/hreinlaetisáhoeld-1000-500-px.png",
     "level": 2
    },
    {
     "name": "Klútar",
     "url": "/voerur/heimilisvoerur/hreinlaetisahoeld/klutar/",
     "categoryId": "624c21d9ae8a756a4482eb80",
     "categoryImageUrl": "https://cdne-image-prod-samkaup.azureedge.net/images-cms/media/bgbf4a3r/empty-top-100.png",
     "level": 3
    }
   ],
   "url": "/voerur/heimilisvoerur/hreinlaetisahoeld/klutar/diskathurrka-bomull-p-30079419",
   "availableInStock": 0,
   "alwaysInStock": true
  },
  {
   "sku": "30208334",
   "displayName": "Diskur Marmara",
   "brand": "Maku",
   "weight": "",
   "country": "CN",
   "productTeaser": "26 cm.",
   "salesPrice": 2019.0,
   "pricePerUnit": null,
   "unitOfMeasure": null,
   "icons": [],
   "hazardLabels": [],
   "imageUrl": "https://cdne-image-prod-samkaup.azureedge.net/images-pim/30208334/30208334.jpg",
   "offer": null,
   "bonus": null,
   "breadcrumbs": [
    {
     "name": "Vörur",
     "url": "/voerur/",
     "categoryId": null,
     "categoryImageUrl": "https://cdne-image-prod-samkaup.azureedge.net/images-cms/media/0btnugbh/fruits-and-vegetables-768x512.jpg",
     "level": 0
    },
    {
     "name": "Heimilisvörur",
     "url": "/voerur/heimilisvoerur/",
     "categoryId": "61aa173cdfbb03c07550ae16",
     "categoryImageUrl": "https://cdne-image-prod-samkaup.azureedge.net/images-cms/media/r02bbbqt/heimilisvoerur-1000-500-px.png",
     "level": 1
    },
    {
     "name": "Búsáhöld",
     "url": "/voerur/heimilisvoerur/busahoeld/",
     "categoryId": "61afa98d58952c9651e559fd",
     "categoryImageUrl": "https://cdne-image-prod-samkaup.azureedge.net/images-cms/media/uuwp3ewo/búsáhoeld-1000-500-px.png",
     "level": 2
    },
    {
     "name": "Diskar og skálar",
     "url": "/voerur/heimilisvoerur/busahoeld/diskar-og-skalar/",
     "categoryId": "624c2263d70c9cb51042ca76",
     "categoryImageUrl": "https://cdne-image-prod-samkaup.azureedge.net/images-cms/media/bgbf4a3r/empty-top-100.png",
     "level": 3
    }
   ],
   "url": "/voerur/heimilisvoerur/busahoeld/diskar-og-skalar/diskur-marmara-p-30208334",
   "availableInStock": 8,
   "alwaysInStock": false
  },
  {
   "sku": "30207462",
   "displayName": "Djúskanna",
   "brand": "Maku",
   "weight": "",
   "country": "CN",
   "productTeaser": "1 lítra",
   "salesPrice": 719.0,
   "pricePerUnit": null,
   "unitOfMeasure": null,
   "icons": [],
   "hazardLabels": [],
   "imageUrl": "https://cdne-image-prod-samkaup.azureedge.net/images-pim/30207462/30207462.jpg",
   "offer": null,
   "bonus": null,
   "breadcrumbs": [
    {
     "name": "Vörur",
     "url": "/voerur/",
     "categoryId": null,
     "categoryImageUrl": "https://cdne-image-prod-samkaup.azureedge.net/images-cms/media/0btnugbh/fruits-and-vegetables-768x512.jpg",
     "level": 0
    },
    {
     "name": "Heimilisvörur",
     "url": "/voerur/heimilisvoerur/",
     "categoryId": "61aa173cdfbb03c07550ae16",
     "categoryImageUrl": "https://cdne-image-prod-samkaup.azureedge.net/images-cms/media/r02bbbqt/heimilisvoerur-1000-500-px.png",
     "level": 1
    },
    {
     "name": "Búsáhöld",
     "url": "/voerur/heimilisvoerur/busahoeld/",
     "categoryId": "61afa98d58952c9651e559fd",
     "categoryImageUrl": "https://cdne-image-prod-samkaup.azureedge.net/images-cms/media/uuwp3ewo/búsáhoeld-1000-500-px.png",
     "level": 2
    },
    {
     "name": "Vatnsbrúsar",
     "url": "/voerur/heimilisvoerur/busahoeld/vatnsbrusar/",
     "categoryId": "624c22177878f380ce845a1f",
     "categoryImageUrl": "https://cdne-image-prod-samkaup.azureedge.net/images-cms/media/bgbf4a3r/empty-top-100.png",
     "level": 3
    }
   ],
   "url": "/voerur/heimilisvoerur/busahoeld/vatnsbrusar/djuskanna-p-30207462",
   "availableInStock": 11,
   "alwaysInStock": false
  },
  {
   "sku": "30206783",
   "displayName": "Dough Scraper",
   "brand": "Maku",
   "weight": "",
   "country": "CN",
   "productTeaser": "",
   "salesPrice": 519.0,
   "pricePerUnit": null,
   "unitOfMeasure": null,
   "icons": [],
   "hazardLabels": [],
   "imageUrl": "https://cdne-image-prod-samkaup.azureedge.net/images-pim/30206783/30206783.jpg",
   "offer": null,
   "bonus": null,
   "breadcrumbs": [
    {
     "name": "Vörur",
     "url": "/voerur/",
     "categoryId": null,
     "categoryImageUrl": "https://cdne-image-prod-samkaup.azureedge.net/images-cms/media/0btnugbh/fruits-and-vegetables-768x512.jpg",
     "level": 0
    },
    {
     "name": "Heimilisvörur",
     "url": "/voerur/heimilisvoerur/",
     "categoryId": "61aa173cdfbb03c07550ae16",
     "categoryImageUrl": "https://cdne-image-prod-samkaup.azureedge.net/images-cms/media/r02bbbqt/heimilisvoerur-1000-500-px.png",
     "level": 1
    },
    {
     "name": "Búsáhöld",
     "url": "/voerur/heimilisvoerur/busahoeld/",
     "categoryId": "61afa98d58952c9651e559fd",
     "categoryImageUrl": "https://cdne-image-prod-samkaup.azureedge.net/images-cms/media/uuwp3ewo/búsáhoeld-1000-500-px.png",
     "level": 2
    },
    {
     "name": "Bökunaráhöld",
     "url": "/voerur/heimilisvoerur/busahoeld/boekunarahoeld/",
     "categoryId": "624c223bd70c9cb51042ca6f",
     "categoryImageUrl": "https://cdne-image-prod-samkaup.azureedge.net/images-cms/media/bgbf4a3r/empty-top-100.png",
     "level": 3
    }
   ],
   "url": "/voerur/heimilisvoerur/busahoeld/boekunarahoeld/dough-scraper-p-30206783",
   "availableInStock": 24,
   "alwaysInStock": false
  },
  {
   "sku": "30170999",
   "displayName": "Dósaupptakari",
   "brand": "Maku",
   "weight": "50 gr.",
   "country": "CN",
   "productTeaser": "",
   "salesPrice": 919.0,
   "pricePerUnit": 18380.0,
   "unitOfMeasure": "kg.",
   "icons": [],
   "hazardLabels": [],
   "imageUrl": "https://cdne-image-prod-samkaup.azureedge.net/images-pim/30170999/30170999.jpg",
   "offer": null,
   "bonus": null,
   "breadcrumbs": [
    {
     "name": "Vörur",
     "url": "/voerur/",
     "categoryId": null,
     "categoryImageUrl": "https://cdne-image-prod-samkaup.azureedge.net/images-cms/media/0btnugbh/fruits-and-vegetables-768x512.jpg",
     "level": 0
    },
    {
     "name": "Heimilisvörur",
     "url": "/voerur/heimilisvoerur/",
     "categoryId": "61aa173cdfbb03c07550ae16",
     "categoryImageUrl": "https://cdne-image-prod-samkaup.azureedge.net/images-cms/media/r02bbbqt/heimilisvoerur-1000-500-px.png",
     "level": 1
    },
    {
     "name": "Búsáhöld",
     "url": "/voerur/heimilisvoerur/busahoeld/",
     "categoryId": "61afa98d58952c9651e559fd",
     "categoryImageUrl": "https://cdne-image-prod-samkaup.azureedge.net/images-cms/media/uuwp3ewo/búsáhoeld-1000-500-px.png",
     "level": 2
    },
    {
     "name": "Eldunaráhöld",
     "url": "/voerur/heimilisvoerur/busahoeld/eldunarahoeld/",
     "categoryId": "624c221e7878f380ce845a20",
     "categoryImageUrl": "https://cdne-image-prod-samkaup.azureedge.net/images-cms/media/bgbf4a3r/empty-top-100.png",
     "level": 3
    }
   ],
   "url": "/voerur/heimilisvoerur/busahoeld/eldunarahoeld/dosaupptakari-p-30170999",
   "availableInStock": 12,
   "alwaysInStock": false
  },
  {
   "sku": "30136901",
   "displayName": "Dryer Sheets Spring",
   "brand": "Lenor",
   "weight": "",
   "country": "US",
   "productTeaser": "34 stk.",
   "salesPrice": 619.0,
   "pricePerUnit": null,
   "unitOfMeasure": null,
   "icons": [],
   "hazardLabels": [],
   "imageUrl": "https://cdne-image-prod-samkaup.azureedge.net/images-pim/30136901/30136901.png",
   "offer": null,
   "bonus": null,
   "breadcrumbs": [
    {
     "name": "Vörur",
     "url": "/voerur/",
     "categoryId": null,
     "categoryImageUrl": "https://cdne-image-prod-samkaup.azureedge.net/images-cms/media/0btnugbh/fruits-and-vegetables-768x512.jpg",
     "level": 0
    },
    {
     "name": "Heimilisvörur",
     "url": "/voerur/heimilisvoerur/",
     "categoryId": "61aa173cdfbb03c07550ae16",
     "categoryImageUrl": "https://cdne-image-prod-samkaup.azureedge.net/images-cms/media/r02bbbqt/heimilisvoerur-1000-500-px.png",
     "level": 1
    },
    {
     "name": "Hreinlætisvörur",
     "url": "/voerur/heimilisvoerur/hreinlaetisvoerur/",
     "categoryId": "61afa983bffe2443147fb138",
     "categoryImageUrl": "https://cdne-image-prod-samkaup.azureedge.net/images-cms/media/e1nfe2ng/hreinlaetisvoerur-1000-500-px.png",
     "level": 2
    },
    {
     "name": "Fyrir þvottavélina og þurrkarann",
     "url": "/voerur/heimilisvoerur/hreinlaetisvoerur/fyrir-thvottavelina-og-thurrkarann/",
     "categoryId": "61afa9c0dfbb03c0755103a4",
     "categoryImageUrl": "https://cdne-image-prod-samkaup.azureedge.net/images-cms/media/bgbf4a3r/empty-top-100.png",
     "level": 3
    }
   ],
   "url": "/voerur/heimilisvoerur/hreinlaetisvoerur/fyrir-thvottavelina-og-thurrkarann/dryer-sheets-spring-p-30136901",
   "availableInStock": 22,
   "alwaysInStock": false
  },
  {
   "sku": "30201804",
   "displayName": "Drykkjarglas Llama með Röri",
   "brand": null,
   "weight": "",
   "country": "CH",
   "productTeaser": "1 stk. 9,5 x 20 cm.",
   "salesPrice": 449.0,
   "pricePerUnit": null,
   "unitOfMeasure": null,
   "icons": [],
   "hazardLabels": [],
   "imageUrl": "https://cdne-image-prod-samkaup.azureedge.net/images-pim/30201804/30201804.PNG",
   "offer": null,
   "bonus": null,
   "breadcrumbs": [
    {
     "name": "Vörur",
     "url": "/voerur/",
     "categoryId": null,
     "categoryImageUrl": "https://cdne-image-prod-samkaup.azureedge.net/images-cms/media/0btnugbh/fruits-and-vegetables-768x512.jpg",
     "level": 0
    },
    {
     "name": "Heimilisvörur",
     "url": "/voerur/heimilisvoerur/",
     "categoryId": "61aa173cdfbb03c07550ae16",
     "categoryImageUrl": "https://cdne-image-prod-samkaup.azureedge.net/images-cms/media/r02bbbqt/heimilisvoerur-1000-500-px.png",
     "level": 1
    },
    {
     "name": "Búsáhöld",
     "url": "/voerur/heimilisvoerur/busahoeld/",
     "categoryId": "61afa98d58952c9651e559fd",
     "categoryImageUrl": "https://cdne-image-prod-samkaup.azureedge.net/images-cms/media/uuwp3ewo/búsáhoeld-1000-500-px.png",
     "level": 2
    },
    {
     "name": "Bollar og glös",
     "url": "/voerur/heimilisvoerur/busahoeld/bollar-og-gloes/",
     "categoryId": "624c220fd70c9cb51042ca69",
     "categoryImageUrl": "https://cdne-image-prod-samkaup.azureedge.net/images-cms/media/bgbf4a3r/empty-top-100.png",
     "level": 3
    }
   ],
   "url": "/voerur/heimilisvoerur/busahoeld/bollar-og-gloes/drykkjarglas-llama-med-rori-p-30201804",
   "availableInStock": 13,
   "alwaysInStock": false
  },
  {
   "sku": "30172658",
   "displayName": "Easy Bacon Örbylgjubakki",
   "brand": "Sistema",
   "weight": "",
   "country": "NZ",
   "productTeaser": "",
   "salesPrice": 2529.0,
   "pricePerUnit": null,
   "unitOfMeasure": null,
   "icons": [],
   "hazardLabels": [],
   "imageUrl": "https://cdne-image-prod-samkaup.azureedge.net/images-pim/30172658/30172658.jpg",
   "offer": null,
   "bonus": null,
   "breadcrumbs": [
    {
     "name": "Vörur",
     "url": "/voerur/",
     "categoryId": null,
     "categoryImageUrl": "https://cdne-image-prod-samkaup.azureedge.net/images-cms/media/0btnugbh/fruits-and-vegetables-768x512.jpg",
     "level": 0
    },
    {
     "name": "Heimilisvörur",
     "url": "/voerur/heimilisvoerur/",
     "categoryId": "61aa173cdfbb03c07550ae16",
     "categoryImageUrl": "https://cdne-image-prod-samkaup.azureedge.net/images-cms/media/r02bbbqt/heimilisvoerur-1000-500-px.png",
     "level": 1
    },
    {
     "name": "Búsáhöld",
     "url": "/voerur/heimilisvoerur/busahoeld/",
     "categoryId": "61afa98d58952c9651e559fd",
     "categoryImageUrl": "https://cdne-image-prod-samkaup.azureedge.net/images-cms/media/uuwp3ewo/búsáhoeld-1000-500-px.png",
     "level": 2
    },
    {
     "name": "Fyrir örbylgjuofninn",
     "url": "/voerur/heimilisvoerur/busahoeld/fyrir-oerbylgjuofninn/",
     "categoryId": "624c2281ae8a756a4482eb8a",
     "categoryImageUrl": "https://cdne-image-prod-samkaup.azureedge.net/images-cms/media/bgbf4a3r/empty-top-100.png",
     "level": 3
    }
   ],
   "url": "/voerur/heimilisvoerur/busahoeld/fyrir-oerbylgjuofninn/easy-bacon-orbylgjubakki-p-30172658",
   "availableInStock": 3,
   "alwaysInStock": false
  },
  {
   "sku": "30172659",
   "displayName": "Egg Poacher Örbylgjubakki",
   "brand": "Sistema",
   "weight": "",
   "country": "NZ",
   "productTeaser": "",
   "salesPrice": 2529.0,
   "pricePerUnit": null,
   "unitOfMeasure": null,
   "icons": [],
   "hazardLabels": [],
   "imageUrl": "https://cdne-image-prod-samkaup.azureedge.net/images-pim/30172659/30172659.jpg",
   "offer": null,
   "bonus": null,
   "breadcrumbs": [
    {
     "name": "Vörur",
     "url": "/voerur/",
     "categoryId": null,
     "categoryImageUrl": "https://cdne-image-prod-samkaup.azureedge.net/images-cms/media/0btnugbh/fruits-and-vegetables-768x512.jpg",
     "level": 0
    },
    {
     "name": "Heimilisvörur",
     "url": "/voerur/heimilisvoerur/",
     "categoryId": "61aa173cdfbb03c07550ae16",
     "categoryImageUrl": "https://cdne-image-prod-samkaup.azureedge.net/images-cms/media/r02bbbqt/heimilisvoerur-1000-500-px.png",
     "level": 1
    },
    {
     "name": "Búsáhöld",
     "url": "/voerur/heimilisvoerur/busahoeld/",
     "categoryId": "61afa98d58952c9651e559fd",
     "categoryImageUrl": "https://cdne-image-prod-samkaup.azureedge.net/images-cms/media/uuwp3ewo/búsáhoeld-1000-500-px.png",
     "level": 2
    },
    {
     "name": "Fyrir örbylgjuofninn",
     "url": "/voerur/heimilisvoerur/busahoeld/fyrir-oerbylgjuofninn/",
     "categoryId": "624c2281ae8a756a4482eb8a",
     "categoryImageUrl": "https://cdne-image-prod-samkaup.azureedge.net/images-cms/media/bgbf4a3r/empty-top-100.png",
     "level": 3
    }
   ],
   "url": "/voerur/heimilisvoerur/busahoeld/fyrir-oerbylgjuofninn/egg-poacher-orbylgjubakki-p-30172659",
   "availableInStock": 4,
   "alwaysInStock": false
  },
  {
   "sku": "30148691",
   "displayName": "Eggjakökubox",
   "brand": "Sistema",
   "weight": "",
   "country": "NZ",
   "productTeaser": "Easy Eggs",
   "salesPrice": 919.0,
   "pricePerUnit": null,
   "unitOfMeasure": null,
   "icons": [],
   "hazardLabels": [],
   "imageUrl": "https://cdne-image-prod-samkaup.azureedge.net/images-pim/30148691/30148691.jpg",
   "offer": null,
   "bonus": null,
   "breadcrumbs": [
    {
     "name": "Vörur",
     "url": "/voerur/",
     "categoryId": null,
     "categoryImageUrl": "https://cdne-image-prod-samkaup.azureedge.net/images-cms/media/0btnugbh/fruits-and-vegetables-768x512.jpg",
     "level": 0
    },
    {
     "name": "Heimilisvörur",
     "url": "/voerur/heimilisvoerur/",
     "categoryId": "61aa173cdfbb03c07550ae16",
     "categoryImageUrl": "https://cdne-image-prod-samkaup.azureedge.net/images-cms/media/r02bbbqt/heimilisvoerur-1000-500-px.png",
     "level": 1
    },
    {
     "name": "Búsáhöld",
     "url": "/voerur/heimilisvoerur/busahoeld/",
     "categoryId": "61afa98d58952c9651e559fd",
     "categoryImageUrl": "https://cdne-image-prod-samkaup.azureedge.net/images-cms/media/uuwp3ewo/búsáhoeld-1000-500-px.png",
     "level": 2
    },
    {
     "name": "Fyrir örbylgjuofninn",
     "url": "/voerur/heimilisvoerur/busahoeld/fyrir-oerbylgjuofninn/",
     "categoryId": "624c2281ae8a756a4482eb8a",
     "categoryImageUrl": "https://cdne-image-prod-samkaup.azureedge.net/images-cms/media/bgbf4a3r/empty-top-100.png",
     "level": 3
    }
   ],
   "url": "/voerur/heimilisvoerur/busahoeld/fyrir-oerbylgjuofninn/eggjakokubox-p-30148691",
   "availableInStock": 3,
   "alwaysInStock": false
  },
  {
   "sku": "30170984",
   "displayName": "Eggjaskeri",
   "brand": "Maku",
   "weight": "50 gr.",
   "country": "CN",
   "productTeaser": "",
   "salesPrice": 1869.0,
   "pricePerUnit": 37380.0,
   "unitOfMeasure": "kg.",
   "icons": [],
   "hazardLabels": [],
   "imageUrl": "https://cdne-image-prod-samkaup.azureedge.net/images-pim/30170984/30170984.jpg",
   "offer": null,
   "bonus": null,
   "breadcrumbs": [
    {
     "name": "Vörur",
     "url": "/voerur/",
     "categoryId": null,
     "categoryImageUrl": "https://cdne-image-prod-samkaup.azureedge.net/images-cms/media/0btnugbh/fruits-and-vegetables-768x512.jpg",
     "level": 0
    },
    {
     "name": "Heimilisvörur",
     "url": "/voerur/heimilisvoerur/",
     "categoryId": "61aa173cdfbb03c07550ae16",
     "categoryImageUrl": "https://cdne-image-prod-samkaup.azureedge.net/images-cms/media/r02bbbqt/heimilisvoerur-1000-500-px.png",
     "level": 1
    },
    {
     "name": "Búsáhöld",
     "url": "/voerur/heimilisvoerur/busahoeld/",
     "categoryId": "61afa98d58952c9651e559fd",
     "categoryImageUrl": "https://cdne-image-prod-samkaup.azureedge.net/images-cms/media/uuwp3ewo/búsáhoeld-1000-500-px.png",
     "level": 2
    },
    {
     "name": "Eldunaráhöld",
     "url": "/voerur/heimilisvoerur/busahoeld/eldunarahoeld/",
     "categoryId": "624c221e7878f380ce845a20",
     "categoryImageUrl": "https://cdne-image-prod-samkaup.azureedge.net/images-cms/media/bgbf4a3r/empty-top-100.png",
     "level": 3
    }
   ],
   "url": "/voerur/heimilisvoerur/busahoeld/eldunarahoeld/eggjaskeri-p-30170984",
   "availableInStock": 22,
   "alwaysInStock": false
  },
  {
   "sku": "30203993",
   "displayName": "Eggjaskeri Lítill",
   "brand": "Maku",
   "weight": "50 gr.",
   "country": "CN",
   "productTeaser": "",
   "salesPrice": 519.0,
   "pricePerUnit": 10380.0,
   "unitOfMeasure": "kg.",
   "icons": [],
   "hazardLabels": [],
   "imageUrl": "https://cdne-image-prod-samkaup.azureedge.net/images-pim/30203993/30203993.jpg",
   "offer": null,
   "bonus": null,
   "breadcrumbs": [
    {
     "name": "Vörur",
     "url": "/voerur/",
     "categoryId": null,
     "categoryImageUrl": "https://cdne-image-prod-samkaup.azureedge.net/images-cms/media/0btnugbh/fruits-and-vegetables-768x512.jpg",
     "level": 0
    },
    {
     "name": "Heimilisvörur",
     "url": "/voerur/heimilisvoerur/",
     "categoryId": "61aa173cdfbb03c07550ae16",
     "categoryImageUrl": "https://cdne-image-prod-samkaup.azureedge.net/images-cms/media/r02bbbqt/heimilisvoerur-1000-500-px.png",
     "level": 1
    },
    {
     "name": "Búsáhöld",
     "url": "/voerur/heimilisvoerur/busahoeld/",
     "categoryId": "61afa98d58952c9651e559fd",
     "categoryImageUrl": "https://cdne-image-prod-samkaup.azureedge.net/images-cms/media/uuwp3ewo/búsáhoeld-1000-500-px.png",
     "level": 2
    },
    {
     "name": "Eldunaráhöld",
     "url": "/voerur/heimilisvoerur/busahoeld/eldunarahoeld/",
     "categoryId": "624c221e7878f380ce845a20",
     "categoryImageUrl": "https://cdne-image-prod-samkaup.azureedge.net/images-cms/media/bgbf4a3r/empty-top-100.png",
     "level": 3
    }
   ],
   "url": "/voerur/heimilisvoerur/busahoeld/eldunarahoeld/eggjaskeri-litill-p-30203993",
   "availableInStock": 4,
   "alwaysInStock": false
  },
  {
   "sku": "30201428",
   "displayName": "Einnota Vitrile Hanskar",
   "brand": "Strongwear",
   "weight": "",
   "country": "",
   "productTeaser": "Extra-Large. 100 stk.",
   "salesPrice": 2529.0,
   "pricePerUnit": null,
   "unitOfMeasure": null,
   "icons": [],
   "hazardLabels": [],
   "imageUrl": "https://cdne-image-prod-samkaup.azureedge.net/images-pim/30201428/30201428.jpg",
   "offer": null,
   "bonus": null,
   "breadcrumbs": [
    {
     "name": "Vörur",
     "url": "/voerur/",
     "categoryId": null,
     "categoryImageUrl": "https://cdne-image-prod-samkaup.azureedge.net/images-cms/media/0btnugbh/fruits-and-vegetables-768x512.jpg",
     "level": 0
    },
    {
     "name": "Heimilisvörur",
     "url": "/voerur/heimilisvoerur/",
     "categoryId": "61aa173cdfbb03c07550ae16",
     "categoryImageUrl": "https://cdne-image-prod-samkaup.azureedge.net/images-cms/media/r02bbbqt/heimilisvoerur-1000-500-px.png",
     "level": 1
    },
    {
     "name": "Hreinlætisáhöld",
     "url": "/voerur/heimilisvoerur/hreinlaetisahoeld/",
     "categoryId": "61afa989dfbb03c07551039b",
     "categoryImageUrl": "https://cdne-image-prod-samkaup.azureedge.net/images-cms/media/tfqfbcht/hreinlaetisáhoeld-1000-500-px.png",
     "level": 2
    },
    {
     "name": "Hanskar",
     "url": "/voerur/heimilisvoerur/hreinlaetisahoeld/hanskar/",
     "categoryId": "624c21bdae8a756a4482eb7e",
     "categoryImageUrl": "https://cdne-image-prod-samkaup.azureedge.net/images-cms/media/bgbf4a3r/empty-top-100.png",
     "level": 3
    }
   ],
   "url": "/voerur/heimilisvoerur/hreinlaetisahoeld/hanskar/einnota-vitrile-hanskar-p-30201428",
   "availableInStock": 16,
   "alwaysInStock": false
  },
  {
   "sku": "30173999",
   "displayName": "Eldfast Form",
   "brand": "Maku",
   "weight": "190 gr.",
   "country": "CN",
   "productTeaser": "27 x 14,5 x 9 cm.",
   "salesPrice": 3319.0,
   "pricePerUnit": 17468.0,
   "unitOfMeasure": "kg.",
   "icons": [],
   "hazardLabels": [],
   "imageUrl": "https://cdne-image-prod-samkaup.azureedge.net/images-pim/30173999/30173999.jpg",
   "offer": null,
   "bonus": null,
   "breadcrumbs": [
    {
     "name": "Vörur",
     "url": "/voerur/",
     "categoryId": null,
     "categoryImageUrl": "https://cdne-image-prod-samkaup.azureedge.net/images-cms/media/0btnugbh/fruits-and-vegetables-768x512.jpg",
     "level": 0
    },
    {
     "name": "Heimilisvörur",
     "url": "/voerur/heimilisvoerur/",
     "categoryId": "61aa173cdfbb03c07550ae16",
     "categoryImageUrl": "https://cdne-image-prod-samkaup.azureedge.net/images-cms/media/r02bbbqt/heimilisvoerur-1000-500-px.png",
     "level": 1
    },
    {
     "name": "Búsáhöld",
     "url": "/voerur/heimilisvoerur/busahoeld/",
     "categoryId": "61afa98d58952c9651e559fd",
     "categoryImageUrl": "https://cdne-image-prod-samkaup.azureedge.net/images-cms/media/uuwp3ewo/búsáhoeld-1000-500-px.png",
     "level": 2
    },
    {
     "name": "Eldföstmót",
     "url": "/voerur/heimilisvoerur/busahoeld/eldfoestmot/",
     "categoryId": "624c22a4061b04309fa3f40e",
     "categoryImageUrl": "https://cdne-image-prod-samkaup.azureedge.net/images-cms/media/bgbf4a3r/empty-top-100.png",
     "level": 3
    }
   ],
   "url": "/voerur/heimilisvoerur/busahoeld/eldfoestmot/eldfast-form-p-30173999",
   "availableInStock": 7,
   "alwaysInStock": false
  },
  {
   "sku": "30194199",
   "displayName": "Eldfast Form",
   "brand": "Maku",
   "weight": "350 gr.",
   "country": "PT",
   "productTeaser": "33 cm. 3 ltr.",
   "salesPrice": 2729.0,
   "pricePerUnit": 7797.0,
   "unitOfMeasure": "kg.",
   "icons": [],
   "hazardLabels": [],
   "imageUrl": "https://cdne-image-prod-samkaup.azureedge.net/images-pim/30194199/30194199.jpg",
   "offer": null,
   "bonus": null,
   "breadcrumbs": [
    {
     "name": "Vörur",
     "url": "/voerur/",
     "categoryId": null,
     "categoryImageUrl": "https://cdne-image-prod-samkaup.azureedge.net/images-cms/media/0btnugbh/fruits-and-vegetables-768x512.jpg",
     "level": 0
    },
    {
     "name": "Heimilisvörur",
     "url": "/voerur/heimilisvoerur/",
     "categoryId": "61aa173cdfbb03c07550ae16",
     "categoryImageUrl": "https://cdne-image-prod-samkaup.azureedge.net/images-cms/media/r02bbbqt/heimilisvoerur-1000-500-px.png",
     "level": 1
    },
    {
     "name": "Búsáhöld",
     "url": "/voerur/heimilisvoerur/busahoeld/",
     "categoryId": "61afa98d58952c9651e559fd",
     "categoryImageUrl": "https://cdne-image-prod-samkaup.azureedge.net/images-cms/media/uuwp3ewo/búsáhoeld-1000-500-px.png",
     "level": 2
    },
    {
     "name": "Eldföstmót",
     "url": "/voerur/heimilisvoerur/busahoeld/eldfoestmot/",
     "categoryId": "624c22a4061b04309fa3f40e",
     "categoryImageUrl": "https://cdne-image-prod-samkaup.azureedge.net/images-cms/media/bgbf4a3r/empty-top-100.png",
     "level": 3
    }
   ],
   "url": "/voerur/heimilisvoerur/busahoeld/eldfoestmot/eldfast-form-p-30194199",
   "availableInStock": 5,
   "alwaysInStock": false
  },
  {
   "sku": "30201834",
   "displayName": "Eldfast Mót",
   "brand": "Maku",
   "weight": "350 gr.",
   "country": "PT",
   "productTeaser": "Hvítt. 33 cm.",
   "salesPrice": 2729.0,
   "pricePerUnit": 7797.0,
   "unitOfMeasure": "kg.",
   "icons": [],
   "hazardLabels": [],
   "imageUrl": "https://cdne-image-prod-samkaup.azureedge.net/images-pim/30201834/30201834.jpg",
   "offer": null,
   "bonus": null,
   "breadcrumbs": [
    {
     "name": "Vörur",
     "url": "/voerur/",
     "categoryId": null,
     "categoryImageUrl": "https://cdne-image-prod-samkaup.azureedge.net/images-cms/media/0btnugbh/fruits-and-vegetables-768x512.jpg",
     "level": 0
    },
    {
     "name": "Heimilisvörur",
     "url": "/voerur/heimilisvoerur/",
     "categoryId": "61aa173cdfbb03c07550ae16",
     "categoryImageUrl": "https://cdne-image-prod-samkaup.azureedge.net/images-cms/media/r02bbbqt/heimilisvoerur-1000-500-px.png",
     "level": 1
    },
    {
     "name": "Búsáhöld",
     "url": "/voerur/heimilisvoerur/busahoeld/",
     "categoryId": "61afa98d58952c9651e559fd",
     "categoryImageUrl": "https://cdne-image-prod-samkaup.azureedge.net/images-cms/media/uuwp3ewo/búsáhoeld-1000-500-px.png",
     "level": 2
    },
    {
     "name": "Eldföstmót",
     "url": "/voerur/heimilisvoerur/busahoeld/eldfoestmot/",
     "categoryId": "624c22a4061b04309fa3f40e",
     "categoryImageUrl": "https://cdne-image-prod-samkaup.azureedge.net/images-cms/media/bgbf4a3r/empty-top-100.png",
     "level": 3
    }
   ],
   "url": "/voerur/heimilisvoerur/busahoeld/eldfoestmot/eldfast-mot-p-30201834",
   "availableInStock": 4,
   "alwaysInStock": false
  },
  {
   "sku": "30190896",
   "displayName": "Eldfast Mót",
   "brand": "Maku",
   "weight": "350 gr.",
   "country": "CN",
   "productTeaser": "3 ltr.",
   "salesPrice": 3669.0,
   "pricePerUnit": 10483.0,
   "unitOfMeasure": "kg.",
   "icons": [],
   "hazardLabels": [],
   "imageUrl": "https://cdne-image-prod-samkaup.azureedge.net/images-pim/30190896/30190896.jpg",
   "offer": null,
   "bonus": null,
   "breadcrumbs": [
    {
     "name": "Vörur",
     "url": "/voerur/",
     "categoryId": null,
     "categoryImageUrl": "https://cdne-image-prod-samkaup.azureedge.net/images-cms/media/0btnugbh/fruits-and-vegetables-768x512.jpg",
     "level": 0
    },
    {
     "name": "Heimilisvörur",
     "url": "/voerur/heimilisvoerur/",
     "categoryId": "61aa173cdfbb03c07550ae16",
     "categoryImageUrl": "https://cdne-image-prod-samkaup.azureedge.net/images-cms/media/r02bbbqt/heimilisvoerur-1000-500-px.png",
     "level": 1
    },
    {
     "name": "Búsáhöld",
     "url": "/voerur/heimilisvoerur/busahoeld/",
     "categoryId": "61afa98d58952c9651e559fd",
     "categoryImageUrl": "https://cdne-image-prod-samkaup.azureedge.net/images-cms/media/uuwp3ewo/búsáhoeld-1000-500-px.png",
     "level": 2
    },
    {
     "name": "Eldföstmót",
     "url": "/voerur/heimilisvoerur/busahoeld/eldfoestmot/",
     "categoryId": "624c22a4061b04309fa3f40e",
     "categoryImageUrl": "https://cdne-image-prod-samkaup.azureedge.net/images-cms/media/bgbf4a3r/empty-top-100.png",
     "level": 3
    }
   ],
   "url": "/voerur/heimilisvoerur/busahoeld/eldfoestmot/eldfast-mot-p-30190896",
   "availableInStock": 4,
   "alwaysInStock": false
  },
  {
   "sku": "30201795",
   "displayName": "Eldfast Mót með Loki",
   "brand": "Maku",
   "weight": "",
   "country": "CN",
   "productTeaser": "1,04 ltr.",
   "salesPrice": 1519.0,
   "pricePerUnit": null,
   "unitOfMeasure": null,
   "icons": [],
   "hazardLabels": [],
   "imageUrl": "https://cdne-image-prod-samkaup.azureedge.net/images-pim/30201795/30201795.png",
   "offer": null,
   "bonus": null,
   "breadcrumbs": [
    {
     "name": "Vörur",
     "url": "/voerur/",
     "categoryId": null,
     "categoryImageUrl": "https://cdne-image-prod-samkaup.azureedge.net/images-cms/media/0btnugbh/fruits-and-vegetables-768x512.jpg",
     "level": 0
    },
    {
     "name": "Heimilisvörur",
     "url": "/voerur/heimilisvoerur/",
     "categoryId": "61aa173cdfbb03c07550ae16",
     "categoryImageUrl": "https://cdne-image-prod-samkaup.azureedge.net/images-cms/media/r02bbbqt/heimilisvoerur-1000-500-px.png",
     "level": 1
    },
    {
     "name": "Búsáhöld",
     "url": "/voerur/heimilisvoerur/busahoeld/",
     "categoryId": "61afa98d58952c9651e559fd",
     "categoryImageUrl": "https://cdne-image-prod-samkaup.azureedge.net/images-cms/media/uuwp3ewo/búsáhoeld-1000-500-px.png",
     "level": 2
    },
    {
     "name": "Eldföstmót",
     "url": "/voerur/heimilisvoerur/busahoeld/eldfoestmot/",
     "categoryId": "624c22a4061b04309fa3f40e",
     "categoryImageUrl": "https://cdne-image-prod-samkaup.azureedge.net/images-cms/media/bgbf4a3r/empty-top-100.png",
     "level": 3
    }
   ],
   "url": "/voerur/heimilisvoerur/busahoeld/eldfoestmot/eldfast-mot-med-loki-p-30201795",
   "availableInStock": 6,
   "alwaysInStock": false
  },
  {
   "sku": "30201810",
   "displayName": "Eldfast Mót með Loki",
   "brand": "Maku",
   "weight": "",
   "country": "CN",
   "productTeaser": "1,52 ltr.",
   "salesPrice": 2329.0,
   "pricePerUnit": null,
   "unitOfMeasure": null,
   "icons": [],
   "hazardLabels": [],
   "imageUrl": "https://cdne-image-prod-samkaup.azureedge.net/images-pim/30201810/30201810.jpg",
   "offer": null,
   "bonus": null,
   "breadcrumbs": [
    {
     "name": "Vörur",
     "url": "/voerur/",
     "categoryId": null,
     "categoryImageUrl": "https://cdne-image-prod-samkaup.azureedge.net/images-cms/media/0btnugbh/fruits-and-vegetables-768x512.jpg",
     "level": 0
    },
    {
     "name": "Heimilisvörur",
     "url": "/voerur/heimilisvoerur/",
     "categoryId": "61aa173cdfbb03c07550ae16",
     "categoryImageUrl": "https://cdne-image-prod-samkaup.azureedge.net/images-cms/media/r02bbbqt/heimilisvoerur-1000-500-px.png",
     "level": 1
    },
    {
     "name": "Búsáhöld",
     "url": "/voerur/heimilisvoerur/busahoeld/",
     "categoryId": "61afa98d58952c9651e559fd",
     "categoryImageUrl": "https://cdne-image-prod-samkaup.azureedge.net/images-cms/media/uuwp3ewo/búsáhoeld-1000-500-px.png",
     "level": 2
    },
    {
     "name": "Eldföstmót",
     "url": "/voerur/heimilisvoerur/busahoeld/eldfoestmot/",
     "categoryId": "624c22a4061b04309fa3f40e",
     "categoryImageUrl": "https://cdne-image-prod-samkaup.azureedge.net/images-cms/media/bgbf4a3r/empty-top-100.png",
     "level": 3
    }
   ],
   "url": "/voerur/heimilisvoerur/busahoeld/eldfoestmot/eldfast-mot-med-loki-p-30201810",
   "availableInStock": 11,
   "alwaysInStock": false
  },
  {
   "sku": "30206323",
   "displayName": "Eldhús Spaði",
   "brand": "Dreamfarm",
   "weight": "100 gr.",
   "country": "CH",
   "productTeaser": "Svartur",
   "salesPrice": 2329.0,
   "pricePerUnit": 23290.0,
   "unitOfMeasure": "kg.",
   "icons": [],
   "hazardLabels": [],
   "imageUrl": "https://cdne-image-prod-samkaup.azureedge.net/images-pim/30206323/30206323.jpg",
   "offer": null,
   "bonus": null,
   "breadcrumbs": [
    {
     "name": "Vörur",
     "url": "/voerur/",
     "categoryId": null,
     "categoryImageUrl": "https://cdne-image-prod-samkaup.azureedge.net/images-cms/media/0btnugbh/fruits-and-vegetables-768x512.jpg",
     "level": 0
    },
    {
     "name": "Heimilisvörur",
     "url": "/voerur/heimilisvoerur/",
     "categoryId": "61aa173cdfbb03c07550ae16",
     "categoryImageUrl": "https://cdne-image-prod-samkaup.azureedge.net/images-cms/media/r02bbbqt/heimilisvoerur-1000-500-px.png",
     "level": 1
    },
    {
     "name": "Búsáhöld",
     "url": "/voerur/heimilisvoerur/busahoeld/",
     "categoryId": "61afa98d58952c9651e559fd",
     "categoryImageUrl": "https://cdne-image-prod-samkaup.azureedge.net/images-cms/media/uuwp3ewo/búsáhoeld-1000-500-px.png",
     "level": 2
    },
    {
     "name": "Eldunaráhöld",
     "url": "/voerur/heimilisvoerur/busahoeld/eldunarahoeld/",
     "categoryId": "624c221e7878f380ce845a20",
     "categoryImageUrl": "https://cdne-image-prod-samkaup.azureedge.net/images-cms/media/bgbf4a3r/empty-top-100.png",
     "level": 3
    }
   ],
   "url": "/voerur/heimilisvoerur/busahoeld/eldunarahoeld/eldhus-spadi-p-30206323",
   "availableInStock": 6,
   "alwaysInStock": false
  },
  {
   "sku": "30204507",
   "displayName": "Eldhúsbox Tritan Ultra",
   "brand": "Sistema",
   "weight": "",
   "country": "NZ",
   "productTeaser": "1,4 lítra",
   "salesPrice": 2019.0,
   "pricePerUnit": null,
   "unitOfMeasure": null,
   "icons": [],
   "hazardLabels": [],
   "imageUrl": "https://cdne-image-prod-samkaup.azureedge.net/images-pim/30204507/30204507.jpg",
   "offer": null,
   "bonus": null,
   "breadcrumbs": [
    {
     "name": "Vörur",
     "url": "/voerur/",
     "categoryId": null,
     "categoryImageUrl": "https://cdne-image-prod-samkaup.azureedge.net/images-cms/media/0btnugbh/fruits-and-vegetables-768x512.jpg",
     "level": 0
    },
    {
     "name": "Heimilisvörur",
     "url": "/voerur/heimilisvoerur/",
     "categoryId": "61aa173cdfbb03c07550ae16",
     "categoryImageUrl": "https://cdne-image-prod-samkaup.azureedge.net/images-cms/media/r02bbbqt/heimilisvoerur-1000-500-px.png",
     "level": 1
    },
    {
     "name": "Búsáhöld",
     "url": "/voerur/heimilisvoerur/busahoeld/",
     "categoryId": "61afa98d58952c9651e559fd",
     "categoryImageUrl": "https://cdne-image-prod-samkaup.azureedge.net/images-cms/media/uuwp3ewo/búsáhoeld-1000-500-px.png",
     "level": 2
    },
    {
     "name": "Krukkur og ílát",
     "url": "/voerur/heimilisvoerur/busahoeld/krukkur-og-ilat/",
     "categoryId": "62695fb4a029622018e30283",
     "categoryImageUrl": "https://cdne-image-prod-samkaup.azureedge.net/images-cms/media/bgbf4a3r/empty-top-100.png",
     "level": 3
    }
   ],
   "url": "/voerur/heimilisvoerur/busahoeld/krukkur-og-ilat/eldhusbox-tritan-ultra-p-30204507",
   "availableInStock": 15,
   "alwaysInStock": false
  },
  {
   "sku": "30204504",
   "displayName": "Eldhúsbox Tritan Ultra 700 ml.",
   "brand": "Sistema",
   "weight": "",
   "country": "NZ",
   "productTeaser": "",
   "salesPrice": 1319.0,
   "pricePerUnit": null,
   "unitOfMeasure": null,
   "icons": [],
   "hazardLabels": [],
   "imageUrl": "https://cdne-image-prod-samkaup.azureedge.net/images-pim/30204504/30204504.jpg",
   "offer": null,
   "bonus": null,
   "breadcrumbs": [
    {
     "name": "Vörur",
     "url": "/voerur/",
     "categoryId": null,
     "categoryImageUrl": "https://cdne-image-prod-samkaup.azureedge.net/images-cms/media/0btnugbh/fruits-and-vegetables-768x512.jpg",
     "level": 0
    },
    {
     "name": "Heimilisvörur",
     "url": "/voerur/heimilisvoerur/",
     "categoryId": "61aa173cdfbb03c07550ae16",
     "categoryImageUrl": "https://cdne-image-prod-samkaup.azureedge.net/images-cms/media/r02bbbqt/heimilisvoerur-1000-500-px.png",
     "level": 1
    },
    {
     "name": "Búsáhöld",
     "url": "/voerur/heimilisvoerur/busahoeld/",
     "categoryId": "61afa98d58952c9651e559fd",
     "categoryImageUrl": "https://cdne-image-prod-samkaup.azureedge.net/images-cms/media/uuwp3ewo/búsáhoeld-1000-500-px.png",
     "level": 2
    },
    {
     "name": "Krukkur og ílát",
     "url": "/voerur/heimilisvoerur/busahoeld/krukkur-og-ilat/",
     "categoryId": "62695fb4a029622018e30283",
     "categoryImageUrl": "https://cdne-image-prod-samkaup.azureedge.net/images-cms/media/bgbf4a3r/empty-top-100.png",
     "level": 3
    }
   ],
   "url": "/voerur/heimilisvoerur/busahoeld/krukkur-og-ilat/eldhusbox-tritan-ultra-700-ml-p-30204504",
   "availableInStock": 4,
   "alwaysInStock": false
  },
  {
   "sku": "30201827",
   "displayName": "Eldhúsbréf",
   "brand": "Maku",
   "weight": "",
   "country": "CH",
   "productTeaser": "Margnota",
   "salesPrice": 919.0,
   "pricePerUnit": null,
   "unitOfMeasure": null,
   "icons": [],
   "hazardLabels": [],
   "imageUrl": "https://cdne-image-prod-samkaup.azureedge.net/images-pim/30201827/30201827.png",
   "offer": null,
   "bonus": null,
   "breadcrumbs": [
    {
     "name": "Vörur",
     "url": "/voerur/",
     "categoryId": null,
     "categoryImageUrl": "https://cdne-image-prod-samkaup.azureedge.net/images-cms/media/0btnugbh/fruits-and-vegetables-768x512.jpg",
     "level": 0
    },
    {
     "name": "Heimilisvörur",
     "url": "/voerur/heimilisvoerur/",
     "categoryId": "61aa173cdfbb03c07550ae16",
     "categoryImageUrl": "https://cdne-image-prod-samkaup.azureedge.net/images-cms/media/r02bbbqt/heimilisvoerur-1000-500-px.png",
     "level": 1
    },
    {
     "name": "Hreinlætisáhöld",
     "url": "/voerur/heimilisvoerur/hreinlaetisahoeld/",
     "categoryId": "61afa989dfbb03c07551039b",
     "categoryImageUrl": "https://cdne-image-prod-samkaup.azureedge.net/images-cms/media/tfqfbcht/hreinlaetisáhoeld-1000-500-px.png",
     "level": 2
    },
    {
     "name": "Klútar",
     "url": "/voerur/heimilisvoerur/hreinlaetisahoeld/klutar/",
     "categoryId": "624c21d9ae8a756a4482eb80",
     "categoryImageUrl": "https://cdne-image-prod-samkaup.azureedge.net/images-cms/media/bgbf4a3r/empty-top-100.png",
     "level": 3
    }
   ],
   "url": "/voerur/heimilisvoerur/hreinlaetisahoeld/klutar/eldhusbref-p-30201827",
   "availableInStock": 11,
   "alwaysInStock": false
  },
  {
   "sku": "30201025",
   "displayName": "Eldhúshandklæði",
   "brand": "Maku",
   "weight": "18 gr.",
   "country": "IN",
   "productTeaser": "50x70 Cm.",
   "salesPrice": 1429.0,
   "pricePerUnit": 79389.0,
   "unitOfMeasure": "kg.",
   "icons": [],
   "hazardLabels": [],
   "imageUrl": "https://cdne-image-prod-samkaup.azureedge.net/images-pim/30201025/30201025.png",
   "offer": null,
   "bonus": null,
   "breadcrumbs": [
    {
     "name": "Vörur",
     "url": "/voerur/",
     "categoryId": null,
     "categoryImageUrl": "https://cdne-image-prod-samkaup.azureedge.net/images-cms/media/0btnugbh/fruits-and-vegetables-768x512.jpg",
     "level": 0
    },
    {
     "name": "Heimilisvörur",
     "url": "/voerur/heimilisvoerur/",
     "categoryId": "61aa173cdfbb03c07550ae16",
     "categoryImageUrl": "https://cdne-image-prod-samkaup.azureedge.net/images-cms/media/r02bbbqt/heimilisvoerur-1000-500-px.png",
     "level": 1
    },
    {
     "name": "Hreinlætisáhöld",
     "url": "/voerur/heimilisvoerur/hreinlaetisahoeld/",
     "categoryId": "61afa989dfbb03c07551039b",
     "categoryImageUrl": "https://cdne-image-prod-samkaup.azureedge.net/images-cms/media/tfqfbcht/hreinlaetisáhoeld-1000-500-px.png",
     "level": 2
    },
    {
     "name": "Klútar",
     "url": "/voerur/heimilisvoerur/hreinlaetisahoeld/klutar/",
     "categoryId": "624c21d9ae8a756a4482eb80",
     "categoryImageUrl": "https://cdne-image-prod-samkaup.azureedge.net/images-cms/media/bgbf4a3r/empty-top-100.png",
     "level": 3
    }
   ],
   "url": "/voerur/heimilisvoerur/hreinlaetisahoeld/klutar/eldhushandklaedi-p-30201025",
   "availableInStock": 11,
   "alwaysInStock": false
  },
  {
   "sku": "30206324",
   "displayName": "Eldhússpaði",
   "brand": "Dreamfarm",
   "weight": "100 gr.",
   "country": "CH",
   "productTeaser": "Blár",
   "salesPrice": 2299.0,
   "pricePerUnit": 22990.0,
   "unitOfMeasure": "kg.",
   "icons": [],
   "hazardLabels": [],
   "imageUrl": "https://cdne-image-prod-samkaup.azureedge.net/images-pim/30206324/30206324.jpg",
   "offer": null,
   "bonus": null,
   "breadcrumbs": [
    {
     "name": "Vörur",
     "url": "/voerur/",
     "categoryId": null,
     "categoryImageUrl": "https://cdne-image-prod-samkaup.azureedge.net/images-cms/media/0btnugbh/fruits-and-vegetables-768x512.jpg",
     "level": 0
    },
    {
     "name": "Heimilisvörur",
     "url": "/voerur/heimilisvoerur/",
     "categoryId": "61aa173cdfbb03c07550ae16",
     "categoryImageUrl": "https://cdne-image-prod-samkaup.azureedge.net/images-cms/media/r02bbbqt/heimilisvoerur-1000-500-px.png",
     "level": 1
    },
    {
     "name": "Búsáhöld",
     "url": "/voerur/heimilisvoerur/busahoeld/",
     "categoryId": "61afa98d58952c9651e559fd",
     "categoryImageUrl": "https://cdne-image-prod-samkaup.azureedge.net/images-cms/media/uuwp3ewo/búsáhoeld-1000-500-px.png",
     "level": 2
    },
    {
     "name": "Eldunaráhöld",
     "url": "/voerur/heimilisvoerur/busahoeld/eldunarahoeld/",
     "categoryId": "624c221e7878f380ce845a20",
     "categoryImageUrl": "https://cdne-image-prod-samkaup.azureedge.net/images-cms/media/bgbf4a3r/empty-top-100.png",
     "level": 3
    }
   ],
   "url": "/voerur/heimilisvoerur/busahoeld/eldunarahoeld/eldhusspadi-p-30206324",
   "availableInStock": 4,
   "alwaysInStock": false
  },
  {
   "sku": "30167277",
   "displayName": "Eldhúsvask Hreinsir",
   "brand": "Ecozone",
   "weight": "1 ltr.",
   "country": "",
   "productTeaser": "2 Skipti",
   "salesPrice": 1219.0,
   "pricePerUnit": 1219.0,
   "unitOfMeasure": "ltr.",
   "icons": [],
   "hazardLabels": [],
   "imageUrl": "https://cdne-image-prod-samkaup.azureedge.net/images-pim/30167277/30167277.png",
   "offer": null,
   "bonus": null,
   "breadcrumbs": [
    {
     "name": "Vörur",
     "url": "/voerur/",
     "categoryId": null,
     "categoryImageUrl": "https://cdne-image-prod-samkaup.azureedge.net/images-cms/media/0btnugbh/fruits-and-vegetables-768x512.jpg",
     "level": 0
    },
    {
     "name": "Heimilisvörur",
     "url": "/voerur/heimilisvoerur/",
     "categoryId": "61aa173cdfbb03c07550ae16",
     "categoryImageUrl": "https://cdne-image-prod-samkaup.azureedge.net/images-cms/media/r02bbbqt/heimilisvoerur-1000-500-px.png",
     "level": 1
    },
    {
     "name": "Hreinlætisvörur",
     "url": "/voerur/heimilisvoerur/hreinlaetisvoerur/",
     "categoryId": "61afa983bffe2443147fb138",
     "categoryImageUrl": "https://cdne-image-prod-samkaup.azureedge.net/images-cms/media/e1nfe2ng/hreinlaetisvoerur-1000-500-px.png",
     "level": 2
    },
    {
     "name": "Fyrir eldhúsið",
     "url": "/voerur/heimilisvoerur/hreinlaetisvoerur/fyrir-eldhusid/",
     "categoryId": "61afa9d5c665e1cda6403bdb",
     "categoryImageUrl": "https://cdne-image-prod-samkaup.azureedge.net/images-cms/media/bgbf4a3r/empty-top-100.png",
     "level": 3
    }
   ],
   "url": "/voerur/heimilisvoerur/hreinlaetisvoerur/fyrir-eldhusid/eldhusvask-hreinsir-p-30167277",
   "availableInStock": 10,
   "alwaysInStock": false
  },
  {
   "sku": "30173984",
   "displayName": "Eplaskeri",
   "brand": "Maku",
   "weight": "",
   "country": "CN",
   "productTeaser": "",
   "salesPrice": 559.0,
   "pricePerUnit": null,
   "unitOfMeasure": null,
   "icons": [],
   "hazardLabels": [],
   "imageUrl": "https://cdne-image-prod-samkaup.azureedge.net/images-pim/30173984/30173984.jpg",
   "offer": null,
   "bonus": null,
   "breadcrumbs": [
    {
     "name": "Vörur",
     "url": "/voerur/",
     "categoryId": null,
     "categoryImageUrl": "https://cdne-image-prod-samkaup.azureedge.net/images-cms/media/0btnugbh/fruits-and-vegetables-768x512.jpg",
     "level": 0
    },
    {
     "name": "Heimilisvörur",
     "url": "/voerur/heimilisvoerur/",
     "categoryId": "61aa173cdfbb03c07550ae16",
     "categoryImageUrl": "https://cdne-image-prod-samkaup.azureedge.net/images-cms/media/r02bbbqt/heimilisvoerur-1000-500-px.png",
     "level": 1
    },
    {
     "name": "Búsáhöld",
     "url": "/voerur/heimilisvoerur/busahoeld/",
     "categoryId": "61afa98d58952c9651e559fd",
     "categoryImageUrl": "https://cdne-image-prod-samkaup.azureedge.net/images-cms/media/uuwp3ewo/búsáhoeld-1000-500-px.png",
     "level": 2
    },
    {
     "name": "Eldunaráhöld",
     "url": "/voerur/heimilisvoerur/busahoeld/eldunarahoeld/",
     "categoryId": "624c221e7878f380ce845a20",
     "categoryImageUrl": "https://cdne-image-prod-samkaup.azureedge.net/images-cms/media/bgbf4a3r/empty-top-100.png",
     "level": 3
    }
   ],
   "url": "/voerur/heimilisvoerur/busahoeld/eldunarahoeld/eplaskeri-p-30173984",
   "availableInStock": 5,
   "alwaysInStock": false
  },
  {
   "sku": "30204279",
   "displayName": "Essential Oil Destress",
   "brand": "I love Wellness",
   "weight": "10 ml.",
   "country": "GB",
   "productTeaser": "Lemongrass, Rosemary & Ecualiptus",
   "salesPrice": 1599.0,
   "pricePerUnit": 159900.0,
   "unitOfMeasure": "ltr.",
   "icons": [],
   "hazardLabels": [],
   "imageUrl": "https://cdne-image-prod-samkaup.azureedge.net/images-pim/30204279/30204279.jpg",
   "offer": null,
   "bonus": null,
   "breadcrumbs": [
    {
     "name": "Vörur",
     "url": "/voerur/",
     "categoryId": null,
     "categoryImageUrl": "https://cdne-image-prod-samkaup.azureedge.net/images-cms/media/0btnugbh/fruits-and-vegetables-768x512.jpg",
     "level": 0
    },
    {
     "name": "Heimilisvörur",
     "url": "/voerur/heimilisvoerur/",
     "categoryId": "61aa173cdfbb03c07550ae16",
     "categoryImageUrl": "https://cdne-image-prod-samkaup.azureedge.net/images-cms/media/r02bbbqt/heimilisvoerur-1000-500-px.png",
     "level": 1
    },
    {
     "name": "Hreinlætisvörur",
     "url": "/voerur/heimilisvoerur/hreinlaetisvoerur/",
     "categoryId": "61afa983bffe2443147fb138",
     "categoryImageUrl": "https://cdne-image-prod-samkaup.azureedge.net/images-cms/media/e1nfe2ng/hreinlaetisvoerur-1000-500-px.png",
     "level": 2
    },
    {
     "name": "Ilmur og lykt",
     "url": "/voerur/heimilisvoerur/hreinlaetisvoerur/ilmur-og-lykt/",
     "categoryId": "61afa9f9bffe2443147fb13f",
     "categoryImageUrl": "https://cdne-image-prod-samkaup.azureedge.net/images-cms/media/bgbf4a3r/empty-top-100.png",
     "level": 3
    }
   ],
   "url": "/voerur/heimilisvoerur/hreinlaetisvoerur/ilmur-og-lykt/essential-oil-destress-p-30204279",
   "availableInStock": 7,
   "alwaysInStock": false
  },
  {
   "sku": "30209457",
   "displayName": "Finish All in 1 Gel",
   "brand": "Finish",
   "weight": "600 ml.",
   "country": "",
   "productTeaser": "",
   "salesPrice": 1419.0,
   "pricePerUnit": 2365.0,
   "unitOfMeasure": "ltr.",
   "icons": [
    "NordicEcolabel"
   ],
   "hazardLabels": [],
   "imageUrl": "https://cdne-image-prod-samkaup.azureedge.net/images-pim/30209457/30209457.png",
   "offer": null,
   "bonus": null,
   "breadcrumbs": [
    {
     "name": "Vörur",
     "url": "/voerur/",
     "categoryId": null,
     "categoryImageUrl": "https://cdne-image-prod-samkaup.azureedge.net/images-cms/media/0btnugbh/fruits-and-vegetables-768x512.jpg",
     "level": 0
    },
    {
     "name": "Heimilisvörur",
     "url": "/voerur/heimilisvoerur/",
     "categoryId": "61aa173cdfbb03c07550ae16",
     "categoryImageUrl": "https://cdne-image-prod-samkaup.azureedge.net/images-cms/media/r02bbbqt/heimilisvoerur-1000-500-px.png",
     "level": 1
    },
    {
     "name": "Hreinlætisvörur",
     "url": "/voerur/heimilisvoerur/hreinlaetisvoerur/",
     "categoryId": "61afa983bffe2443147fb138",
     "categoryImageUrl": "https://cdne-image-prod-samkaup.azureedge.net/images-cms/media/e1nfe2ng/hreinlaetisvoerur-1000-500-px.png",
     "level": 2
    },
    {
     "name": "Fyrir uppþvottavélina",
     "url": "/voerur/heimilisvoerur/hreinlaetisvoerur/fyrir-uppthvottavelina/",
     "categoryId": "61afa9c4dfbb03c0755103a5",
     "categoryImageUrl": "https://cdne-image-prod-samkaup.azureedge.net/images-cms/media/bgbf4a3r/empty-top-100.png",
     "level": 3
    }
   ],
   "url": "/voerur/heimilisvoerur/hreinlaetisvoerur/fyrir-uppthvottavelina/finish-all-in-1-gel-p-30209457",
   "availableInStock": 5,
   "alwaysInStock": false
  },
  {
   "sku": "30194603",
   "displayName": "Fjölnota Silicon Poki",
   "brand": "Stasher",
   "weight": "50 gr.",
   "country": "NZ",
   "productTeaser": "1,65 ltr.",
   "salesPrice": 3839.0,
   "pricePerUnit": 76780.0,
   "unitOfMeasure": "kg.",
   "icons": [],
   "hazardLabels": [],
   "imageUrl": "https://cdne-image-prod-samkaup.azureedge.net/images-pim/30194603/30194603.jpg",
   "offer": null,
   "bonus": null,
   "breadcrumbs": [
    {
     "name": "Vörur",
     "url": "/voerur/",
     "categoryId": null,
     "categoryImageUrl": "https://cdne-image-prod-samkaup.azureedge.net/images-cms/media/0btnugbh/fruits-and-vegetables-768x512.jpg",
     "level": 0
    },
    {
     "name": "Heimilisvörur",
     "url": "/voerur/heimilisvoerur/",
     "categoryId": "61aa173cdfbb03c07550ae16",
     "categoryImageUrl": "https://cdne-image-prod-samkaup.azureedge.net/images-cms/media/r02bbbqt/heimilisvoerur-1000-500-px.png",
     "level": 1
    },
    {
     "name": "Pokar",
     "url": "/voerur/heimilisvoerur/pokar/",
     "categoryId": "61afa986c665e1cda6403bd4",
     "categoryImageUrl": "https://cdne-image-prod-samkaup.azureedge.net/images-cms/media/hxehog5s/pokar-1000-500-px.png",
     "level": 2
    },
    {
     "name": "Fjölnotapokar",
     "url": "/voerur/heimilisvoerur/pokar/fjoelnotapokar/",
     "categoryId": "624c1f15d70c9cb51042ca3e",
     "categoryImageUrl": "https://cdne-image-prod-samkaup.azureedge.net/images-cms/media/bgbf4a3r/empty-top-100.png",
     "level": 3
    }
   ],
   "url": "/voerur/heimilisvoerur/pokar/fjoelnotapokar/fjolnota-silicon-poki-p-30194603",
   "availableInStock": 17,
   "alwaysInStock": false
  },
  {
   "sku": "30194604",
   "displayName": "Fjölnota Silicon Poki",
   "brand": "Stasher",
   "weight": "50 gr.",
   "country": "NZ",
   "productTeaser": "1,65 ltr.",
   "salesPrice": 3839.0,
   "pricePerUnit": 76780.0,
   "unitOfMeasure": "kg.",
   "icons": [],
   "hazardLabels": [],
   "imageUrl": "https://cdne-image-prod-samkaup.azureedge.net/images-pim/30194604/30194604.jpg",
   "offer": null,
   "bonus": null,
   "breadcrumbs": [
    {
     "name": "Vörur",
     "url": "/voerur/",
     "categoryId": null,
     "categoryImageUrl": "https://cdne-image-prod-samkaup.azureedge.net/images-cms/media/0btnugbh/fruits-and-vegetables-768x512.jpg",
     "level": 0
    },
    {
     "name": "Heimilisvörur",
     "url": "/voerur/heimilisvoerur/",
     "categoryId": "61aa173cdfbb03c07550ae16",
     "categoryImageUrl": "https://cdne-image-prod-samkaup.azureedge.net/images-cms/media/r02bbbqt/heimilisvoerur-1000-500-px.png",
     "level": 1
    },
    {
     "name": "Pokar",
     "url": "/voerur/heimilisvoerur/pokar/",
     "categoryId": "61afa986c665e1cda6403bd4",
     "categoryImageUrl": "https://cdne-image-prod-samkaup.azureedge.net/images-cms/media/hxehog5s/pokar-1000-500-px.png",
     "level": 2
    },
    {
     "name": "Fjölnotapokar",
     "url": "/voerur/heimilisvoerur/pokar/fjoelnotapokar/",
     "categoryId": "624c1f15d70c9cb51042ca3e",
     "categoryImageUrl": "https://cdne-image-prod-samkaup.azureedge.net/images-cms/media/bgbf4a3r/empty-top-100.png",
     "level": 3
    }
   ],
   "url": "/voerur/heimilisvoerur/pokar/fjoelnotapokar/fjolnota-silicon-poki-p-30194604",
   "availableInStock": 11,
   "alwaysInStock": false
  },
  {
   "sku": "30194606",
   "displayName": "Fjölnota Silicon Poki",
   "brand": "Stasher",
   "weight": "50 gr.",
   "country": "NZ",
   "productTeaser": "1,65 ltr.",
   "salesPrice": 3839.0,
   "pricePerUnit": 76780.0,
   "unitOfMeasure": "kg.",
   "icons": [],
   "hazardLabels": [],
   "imageUrl": "https://cdne-image-prod-samkaup.azureedge.net/images-pim/30194606/30194606.jpg",
   "offer": null,
   "bonus": null,
   "breadcrumbs": [
    {
     "name": "Vörur",
     "url": "/voerur/",
     "categoryId": null,
     "categoryImageUrl": "https://cdne-image-prod-samkaup.azureedge.net/images-cms/media/0btnugbh/fruits-and-vegetables-768x512.jpg",
     "level": 0
    },
    {
     "name": "Heimilisvörur",
     "url": "/voerur/heimilisvoerur/",
     "categoryId": "61aa173cdfbb03c07550ae16",
     "categoryImageUrl": "https://cdne-image-prod-samkaup.azureedge.net/images-cms/media/r02bbbqt/heimilisvoerur-1000-500-px.png",
     "level": 1
    },
    {
     "name": "Pokar",
     "url": "/voerur/heimilisvoerur/pokar/",
     "categoryId": "61afa986c665e1cda6403bd4",
     "categoryImageUrl": "https://cdne-image-prod-samkaup.azureedge.net/images-cms/media/hxehog5s/pokar-1000-500-px.png",
     "level": 2
    },
    {
     "name": "Fjölnotapokar",
     "url": "/voerur/heimilisvoerur/pokar/fjoelnotapokar/",
     "categoryId": "624c1f15d70c9cb51042ca3e",
     "categoryImageUrl": "https://cdne-image-prod-samkaup.azureedge.net/images-cms/media/bgbf4a3r/empty-top-100.png",
     "level": 3
    }
   ],
   "url": "/voerur/heimilisvoerur/pokar/fjoelnotapokar/fjolnota-silicon-poki-p-30194606",
   "availableInStock": 16,
   "alwaysInStock": false
  },
  {
   "sku": "30194607",
   "displayName": "Fjölnota Silicon Poki",
   "brand": "Stasher",
   "weight": "50 gr.",
   "country": "NZ",
   "productTeaser": "1,65 ltr.",
   "salesPrice": 3839.0,
   "pricePerUnit": 76780.0,
   "unitOfMeasure": "kg.",
   "icons": [],
   "hazardLabels": [],
   "imageUrl": "https://cdne-image-prod-samkaup.azureedge.net/images-pim/30194607/30194607.jpg",
   "offer": null,
   "bonus": null,
   "breadcrumbs": [
    {
     "name": "Vörur",
     "url": "/voerur/",
     "categoryId": null,
     "categoryImageUrl": "https://cdne-image-prod-samkaup.azureedge.net/images-cms/media/0btnugbh/fruits-and-vegetables-768x512.jpg",
     "level": 0
    },
    {
     "name": "Heimilisvörur",
     "url": "/voerur/heimilisvoerur/",
     "categoryId": "61aa173cdfbb03c07550ae16",
     "categoryImageUrl": "https://cdne-image-prod-samkaup.azureedge.net/images-cms/media/r02bbbqt/heimilisvoerur-1000-500-px.png",
     "level": 1
    },
    {
     "name": "Pokar",
     "url": "/voerur/heimilisvoerur/pokar/",
     "categoryId": "61afa986c665e1cda6403bd4",
     "categoryImageUrl": "https://cdne-image-prod-samkaup.azureedge.net/images-cms/media/hxehog5s/pokar-1000-500-px.png",
     "level": 2
    },
    {
     "name": "Fjölnotapokar",
     "url": "/voerur/heimilisvoerur/pokar/fjoelnotapokar/",
     "categoryId": "624c1f15d70c9cb51042ca3e",
     "categoryImageUrl": "https://cdne-image-prod-samkaup.azureedge.net/images-cms/media/bgbf4a3r/empty-top-100.png",
     "level": 3
    }
   ],
   "url": "/voerur/heimilisvoerur/pokar/fjoelnotapokar/fjolnota-silicon-poki-p-30194607",
   "availableInStock": 7,
   "alwaysInStock": false
  },
  {
   "sku": "30194605",
   "displayName": "Fjölnota Silicon Poki",
   "brand": "Stasher",
   "weight": "50 gr.",
   "country": "NZ",
   "productTeaser": "1,65 ltr.",
   "salesPrice": 3839.0,
   "pricePerUnit": 76780.0,
   "unitOfMeasure": "kg.",
   "icons": [],
   "hazardLabels": [],
   "imageUrl": "https://cdne-image-prod-samkaup.azureedge.net/images-pim/30194605/30194605.jpg",
   "offer": null,
   "bonus": null,
   "breadcrumbs": [
    {
     "name": "Vörur",
     "url": "/voerur/",
     "categoryId": null,
     "categoryImageUrl": "https://cdne-image-prod-samkaup.azureedge.net/images-cms/media/0btnugbh/fruits-and-vegetables-768x512.jpg",
     "level": 0
    },
    {
     "name": "Heimilisvörur",
     "url": "/voerur/heimilisvoerur/",
     "categoryId": "61aa173cdfbb03c07550ae16",
     "categoryImageUrl": "https://cdne-image-prod-samkaup.azureedge.net/images-cms/media/r02bbbqt/heimilisvoerur-1000-500-px.png",
     "level": 1
    },
    {
     "name": "Pokar",
     "url": "/voerur/heimilisvoerur/pokar/",
     "categoryId": "61afa986c665e1cda6403bd4",
     "categoryImageUrl": "https://cdne-image-prod-samkaup.azureedge.net/images-cms/media/hxehog5s/pokar-1000-500-px.png",
     "level": 2
    },
    {
     "name": "Fjölnotapokar",
     "url": "/voerur/heimilisvoerur/pokar/fjoelnotapokar/",
     "categoryId": "624c1f15d70c9cb51042ca3e",
     "categoryImageUrl": "https://cdne-image-prod-samkaup.azureedge.net/images-cms/media/bgbf4a3r/empty-top-100.png",
     "level": 3
    }
   ],
   "url": "/voerur/heimilisvoerur/pokar/fjoelnotapokar/fjolnota-silicon-poki-p-30194605",
   "availableInStock": 19,
   "alwaysInStock": false
  },
  {
   "sku": "10076796",
   "displayName": "Fjölnotapappír A4",
   "brand": null,
   "weight": "80 gr.",
   "country": "",
   "productTeaser": "80 gr. pappír",
   "salesPrice": 1089.0,
   "pricePerUnit": 13612.0,
   "unitOfMeasure": "kg.",
   "icons": [],
   "hazardLabels": [],
   "imageUrl": "https://cdne-image-prod-samkaup.azureedge.net/images-pim/10076796/10076796.jpg",
   "offer": null,
   "bonus": null,
   "breadcrumbs": [
    {
     "name": "Vörur",
     "url": "/voerur/",
     "categoryId": null,
     "categoryImageUrl": "https://cdne-image-prod-samkaup.azureedge.net/images-cms/media/0btnugbh/fruits-and-vegetables-768x512.jpg",
     "level": 0
    },
    {
     "name": "Heimilisvörur",
     "url": "/voerur/heimilisvoerur/",
     "categoryId": "61aa173cdfbb03c07550ae16",
     "categoryImageUrl": "https://cdne-image-prod-samkaup.azureedge.net/images-cms/media/r02bbbqt/heimilisvoerur-1000-500-px.png",
     "level": 1
    },
    {
     "name": "Skóla-og skrifstofuvörur",
     "url": "/voerur/heimilisvoerur/skola-og-skrifstofuvoerur/",
     "categoryId": "61afa9a5bffe2443147fb13a",
     "categoryImageUrl": "https://cdne-image-prod-samkaup.azureedge.net/images-cms/media/otsmhl0j/skólavoerur-1000-500-px.png",
     "level": 2
    },
    {
     "name": "Pappír og skrifbækur",
     "url": "/voerur/heimilisvoerur/skola-og-skrifstofuvoerur/pappir-og-skrifbaekur/",
     "categoryId": "624c2522061b04309fa3f449",
     "categoryImageUrl": "https://cdne-image-prod-samkaup.azureedge.net/images-cms/media/bgbf4a3r/empty-top-100.png",
     "level": 3
    }
   ],
   "url": "/voerur/heimilisvoerur/skola-og-skrifstofuvoerur/pappir-og-skrifbaekur/fjolnotapappir-a4-p-10076796",
   "availableInStock": 0,
   "alwaysInStock": true
  },
  {
   "sku": "30124172",
   "displayName": "Fljótandi  Þvottaefni",
   "brand": "Biotex",
   "weight": "700 ml.",
   "country": "DK",
   "productTeaser": "12 Þvottar",
   "salesPrice": 849.0,
   "pricePerUnit": 1213.0,
   "unitOfMeasure": "ltr.",
   "icons": [],
   "hazardLabels": [],
   "imageUrl": "https://cdne-image-prod-samkaup.azureedge.net/images-pim/30124172/30124172.png",
   "offer": null,
   "bonus": null,
   "breadcrumbs": [
    {
     "name": "Vörur",
     "url": "/voerur/",
     "categoryId": null,
     "categoryImageUrl": "https://cdne-image-prod-samkaup.azureedge.net/images-cms/media/0btnugbh/fruits-and-vegetables-768x512.jpg",
     "level": 0
    },
    {
     "name": "Heimilisvörur",
     "url": "/voerur/heimilisvoerur/",
     "categoryId": "61aa173cdfbb03c07550ae16",
     "categoryImageUrl": "https://cdne-image-prod-samkaup.azureedge.net/images-cms/media/r02bbbqt/heimilisvoerur-1000-500-px.png",
     "level": 1
    },
    {
     "name": "Hreinlætisvörur",
     "url": "/voerur/heimilisvoerur/hreinlaetisvoerur/",
     "categoryId": "61afa983bffe2443147fb138",
     "categoryImageUrl": "https://cdne-image-prod-samkaup.azureedge.net/images-cms/media/e1nfe2ng/hreinlaetisvoerur-1000-500-px.png",
     "level": 2
    },
    {
     "name": "Fyrir þvottavélina og þurrkarann",
     "url": "/voerur/heimilisvoerur/hreinlaetisvoerur/fyrir-thvottavelina-og-thurrkarann/",
     "categoryId": "61afa9c0dfbb03c0755103a4",
     "categoryImageUrl": "https://cdne-image-prod-samkaup.azureedge.net/images-cms/media/bgbf4a3r/empty-top-100.png",
     "level": 3
    }
   ],
   "url": "/voerur/heimilisvoerur/hreinlaetisvoerur/fyrir-thvottavelina-og-thurrkarann/fljotandi-thvottaefni-p-30124172",
   "availableInStock": 16,
   "alwaysInStock": false
  },
  {
   "sku": "30165170",
   "displayName": "Fljótandi Þvottaefni",
   "brand": "Ariel",
   "weight": "1890 ml.",
   "country": "",
   "productTeaser": "54 Þvottar",
   "salesPrice": 2449.0,
   "pricePerUnit": 1296.0,
   "unitOfMeasure": "ltr.",
   "icons": [],
   "hazardLabels": [],
   "imageUrl": "https://cdne-image-prod-samkaup.azureedge.net/images-pim/30165170/30165170.png",
   "offer": null,
   "bonus": null,
   "breadcrumbs": [
    {
     "name": "Vörur",
     "url": "/voerur/",
     "categoryId": null,
     "categoryImageUrl": "https://cdne-image-prod-samkaup.azureedge.net/images-cms/media/0btnugbh/fruits-and-vegetables-768x512.jpg",
     "level": 0
    },
    {
     "name": "Heimilisvörur",
     "url": "/voerur/heimilisvoerur/",
     "categoryId": "61aa173cdfbb03c07550ae16",
     "categoryImageUrl": "https://cdne-image-prod-samkaup.azureedge.net/images-cms/media/r02bbbqt/heimilisvoerur-1000-500-px.png",
     "level": 1
    },
    {
     "name": "Hreinlætisvörur",
     "url": "/voerur/heimilisvoerur/hreinlaetisvoerur/",
     "categoryId": "61afa983bffe2443147fb138",
     "categoryImageUrl": "https://cdne-image-prod-samkaup.azureedge.net/images-cms/media/e1nfe2ng/hreinlaetisvoerur-1000-500-px.png",
     "level": 2
    },
    {
     "name": "Fyrir þvottavélina og þurrkarann",
     "url": "/voerur/heimilisvoerur/hreinlaetisvoerur/fyrir-thvottavelina-og-thurrkarann/",
     "categoryId": "61afa9c0dfbb03c0755103a4",
     "categoryImageUrl": "https://cdne-image-prod-samkaup.azureedge.net/images-cms/media/bgbf4a3r/empty-top-100.png",
     "level": 3
    }
   ],
   "url": "/voerur/heimilisvoerur/hreinlaetisvoerur/fyrir-thvottavelina-og-thurrkarann/fljotandi-thvottaefni-p-30165170",
   "availableInStock": 14,
   "alwaysInStock": false
  },
  {
   "sku": "10035900",
   "displayName": "Fljótandi Þvottaefni",
   "brand": "Biotex",
   "weight": "700 ml.",
   "country": "DK",
   "productTeaser": "13 Þvottar",
   "salesPrice": 859.0,
   "pricePerUnit": 1227.0,
   "unitOfMeasure": "ltr.",
   "icons": [],
   "hazardLabels": [],
   "imageUrl": "https://cdne-image-prod-samkaup.azureedge.net/images-pim/10035900/10035900.png",
   "offer": null,
   "bonus": null,
   "breadcrumbs": [
    {
     "name": "Vörur",
     "url": "/voerur/",
     "categoryId": null,
     "categoryImageUrl": "https://cdne-image-prod-samkaup.azureedge.net/images-cms/media/0btnugbh/fruits-and-vegetables-768x512.jpg",
     "level": 0
    },
    {
     "name": "Heimilisvörur",
     "url": "/voerur/heimilisvoerur/",
     "categoryId": "61aa173cdfbb03c07550ae16",
     "categoryImageUrl": "https://cdne-image-prod-samkaup.azureedge.net/images-cms/media/r02bbbqt/heimilisvoerur-1000-500-px.png",
     "level": 1
    },
    {
     "name": "Hreinlætisvörur",
     "url": "/voerur/heimilisvoerur/hreinlaetisvoerur/",
     "categoryId": "61afa983bffe2443147fb138",
     "categoryImageUrl": "https://cdne-image-prod-samkaup.azureedge.net/images-cms/media/e1nfe2ng/hreinlaetisvoerur-1000-500-px.png",
     "level": 2
    },
    {
     "name": "Fyrir þvottavélina og þurrkarann",
     "url": "/voerur/heimilisvoerur/hreinlaetisvoerur/fyrir-thvottavelina-og-thurrkarann/",
     "categoryId": "61afa9c0dfbb03c0755103a4",
     "categoryImageUrl": "https://cdne-image-prod-samkaup.azureedge.net/images-cms/media/bgbf4a3r/empty-top-100.png",
     "level": 3
    }
   ],
   "url": "/voerur/heimilisvoerur/hreinlaetisvoerur/fyrir-thvottavelina-og-thurrkarann/fljotandi-thvottaefni-p-10035900",
   "availableInStock": 14,
   "alwaysInStock": false
  },
  {
   "sku": "30207152",
   "displayName": "Flokkunarpoki Glær",
   "brand": "Vestro",
   "weight": "",
   "country": "",
   "productTeaser": "10 stk. 120 ltr.",
   "salesPrice": 1519.0,
   "pricePerUnit": null,
   "unitOfMeasure": null,
   "icons": [],
   "hazardLabels": [],
   "imageUrl": "https://cdne-image-prod-samkaup.azureedge.net/images-pim/30207152/30207152.jpg",
   "offer": null,
   "bonus": null,
   "breadcrumbs": [
    {
     "name": "Vörur",
     "url": "/voerur/",
     "categoryId": null,
     "categoryImageUrl": "https://cdne-image-prod-samkaup.azureedge.net/images-cms/media/0btnugbh/fruits-and-vegetables-768x512.jpg",
     "level": 0
    },
    {
     "name": "Heimilisvörur",
     "url": "/voerur/heimilisvoerur/",
     "categoryId": "61aa173cdfbb03c07550ae16",
     "categoryImageUrl": "https://cdne-image-prod-samkaup.azureedge.net/images-cms/media/r02bbbqt/heimilisvoerur-1000-500-px.png",
     "level": 1
    },
    {
     "name": "Pokar",
     "url": "/voerur/heimilisvoerur/pokar/",
     "categoryId": "61afa986c665e1cda6403bd4",
     "categoryImageUrl": "https://cdne-image-prod-samkaup.azureedge.net/images-cms/media/hxehog5s/pokar-1000-500-px.png",
     "level": 2
    },
    {
     "name": "Ruslapokar",
     "url": "/voerur/heimilisvoerur/pokar/ruslapokar/",
     "categoryId": "624c1ed07878f380ce8459e2",
     "categoryImageUrl": "https://cdne-image-prod-samkaup.azureedge.net/images-cms/media/bgbf4a3r/empty-top-100.png",
     "level": 3
    }
   ],
   "url": "/voerur/heimilisvoerur/pokar/ruslapokar/flokkunarpoki-glaer-p-30207152",
   "availableInStock": 8,
   "alwaysInStock": false
  },
  {
   "sku": "30111427",
   "displayName": "Flugnaeitur",
   "brand": "Caramba",
   "weight": "600 ml.",
   "country": "",
   "productTeaser": "",
   "salesPrice": 1319.0,
   "pricePerUnit": 2198.0,
   "unitOfMeasure": "ltr.",
   "icons": [],
   "hazardLabels": [],
   "imageUrl": "https://cdne-image-prod-samkaup.azureedge.net/images-pim/30111427/30111427.jpg",
   "offer": null,
   "bonus": null,
   "breadcrumbs": [
    {
     "name": "Vörur",
     "url": "/voerur/",
     "categoryId": null,
     "categoryImageUrl": "https://cdne-image-prod-samkaup.azureedge.net/images-cms/media/0btnugbh/fruits-and-vegetables-768x512.jpg",
     "level": 0
    },
    {
     "name": "Heimilisvörur",
     "url": "/voerur/heimilisvoerur/",
     "categoryId": "61aa173cdfbb03c07550ae16",
     "categoryImageUrl": "https://cdne-image-prod-samkaup.azureedge.net/images-cms/media/r02bbbqt/heimilisvoerur-1000-500-px.png",
     "level": 1
    },
    {
     "name": "Hreinlætisvörur",
     "url": "/voerur/heimilisvoerur/hreinlaetisvoerur/",
     "categoryId": "61afa983bffe2443147fb138",
     "categoryImageUrl": "https://cdne-image-prod-samkaup.azureedge.net/images-cms/media/e1nfe2ng/hreinlaetisvoerur-1000-500-px.png",
     "level": 2
    },
    {
     "name": "Skordýraeitur",
     "url": "/voerur/heimilisvoerur/hreinlaetisvoerur/skordyraeitur/",
     "categoryId": "61afaa00bffe2443147fb140",
     "categoryImageUrl": "https://cdne-image-prod-samkaup.azureedge.net/images-cms/media/bgbf4a3r/empty-top-100.png",
     "level": 3
    }
   ],
   "url": "/voerur/heimilisvoerur/hreinlaetisvoerur/skordyraeitur/flugnaeitur-p-30111427",
   "availableInStock": 13,
   "alwaysInStock": false
  },
  {
   "sku": "30119488",
   "displayName": "Flúðamold",
   "brand": "Flúða",
   "weight": "20 ltr.",
   "country": "",
   "productTeaser": "",
   "salesPrice": 859.0,
   "pricePerUnit": 43.0,
   "unitOfMeasure": "ltr.",
   "icons": [
    "Icelandic"
   ],
   "hazardLabels": [],
   "imageUrl": "https://cdne-image-prod-samkaup.azureedge.net/images-pim/30119488/30119488.jpg",
   "offer": null,
   "bonus": null,
   "breadcrumbs": [
    {
     "name": "Vörur",
     "url": "/voerur/",
     "categoryId": null,
     "categoryImageUrl": "https://cdne-image-prod-samkaup.azureedge.net/images-cms/media/0btnugbh/fruits-and-vegetables-768x512.jpg",
     "level": 0
    },
    {
     "name": "Heimilisvörur",
     "url": "/voerur/heimilisvoerur/",
     "categoryId": "61aa173cdfbb03c07550ae16",
     "categoryImageUrl": "https://cdne-image-prod-samkaup.azureedge.net/images-cms/media/r02bbbqt/heimilisvoerur-1000-500-px.png",
     "level": 1
    }
   ],
   "url": "/voerur/heimilisvoerur/fludamold-p-30119488",
   "availableInStock": 4,
   "alwaysInStock": false
  },
  {
   "sku": "30116294",
   "displayName": "Form Formköku 1,3 lítra",
   "brand": "Gastromax",
   "weight": "",
   "country": "",
   "productTeaser": "26 x 10 cm.",
   "salesPrice": 1679.0,
   "pricePerUnit": null,
   "unitOfMeasure": null,
   "icons": [],
   "hazardLabels": [],
   "imageUrl": "https://cdne-image-prod-samkaup.azureedge.net/images-pim/30116294/30116294.jpg",
   "offer": null,
   "bonus": null,
   "breadcrumbs": [
    {
     "name": "Vörur",
     "url": "/voerur/",
     "categoryId": null,
     "categoryImageUrl": "https://cdne-image-prod-samkaup.azureedge.net/images-cms/media/0btnugbh/fruits-and-vegetables-768x512.jpg",
     "level": 0
    },
    {
     "name": "Heimilisvörur",
     "url": "/voerur/heimilisvoerur/",
     "categoryId": "61aa173cdfbb03c07550ae16",
     "categoryImageUrl": "https://cdne-image-prod-samkaup.azureedge.net/images-cms/media/r02bbbqt/heimilisvoerur-1000-500-px.png",
     "level": 1
    },
    {
     "name": "Búsáhöld",
     "url": "/voerur/heimilisvoerur/busahoeld/",
     "categoryId": "61afa98d58952c9651e559fd",
     "categoryImageUrl": "https://cdne-image-prod-samkaup.azureedge.net/images-cms/media/uuwp3ewo/búsáhoeld-1000-500-px.png",
     "level": 2
    },
    {
     "name": "Eldföstmót",
     "url": "/voerur/heimilisvoerur/busahoeld/eldfoestmot/",
     "categoryId": "624c22a4061b04309fa3f40e",
     "categoryImageUrl": "https://cdne-image-prod-samkaup.azureedge.net/images-cms/media/bgbf4a3r/empty-top-100.png",
     "level": 3
    }
   ],
   "url": "/voerur/heimilisvoerur/busahoeld/eldfoestmot/form-formkoku-1-3-litra-p-30116294",
   "availableInStock": 8,
   "alwaysInStock": false
  },
  {
   "sku": "30201009",
   "displayName": "Fresh Box",
   "brand": "Maku",
   "weight": "40 gr.",
   "country": "CN",
   "productTeaser": "1,6 Ltr.",
   "salesPrice": 1179.0,
   "pricePerUnit": 29475.0,
   "unitOfMeasure": "kg.",
   "icons": [],
   "hazardLabels": [],
   "imageUrl": "https://cdne-image-prod-samkaup.azureedge.net/images-pim/30201009/30201009.jpg",
   "offer": null,
   "bonus": null,
   "breadcrumbs": [
    {
     "name": "Vörur",
     "url": "/voerur/",
     "categoryId": null,
     "categoryImageUrl": "https://cdne-image-prod-samkaup.azureedge.net/images-cms/media/0btnugbh/fruits-and-vegetables-768x512.jpg",
     "level": 0
    },
    {
     "name": "Heimilisvörur",
     "url": "/voerur/heimilisvoerur/",
     "categoryId": "61aa173cdfbb03c07550ae16",
     "categoryImageUrl": "https://cdne-image-prod-samkaup.azureedge.net/images-cms/media/r02bbbqt/heimilisvoerur-1000-500-px.png",
     "level": 1
    },
    {
     "name": "Búsáhöld",
     "url": "/voerur/heimilisvoerur/busahoeld/",
     "categoryId": "61afa98d58952c9651e559fd",
     "categoryImageUrl": "https://cdne-image-prod-samkaup.azureedge.net/images-cms/media/uuwp3ewo/búsáhoeld-1000-500-px.png",
     "level": 2
    },
    {
     "name": "Nestisbox",
     "url": "/voerur/heimilisvoerur/busahoeld/nestisbox/",
     "categoryId": "624c2224d70c9cb51042ca6d",
     "categoryImageUrl": "https://cdne-image-prod-samkaup.azureedge.net/images-cms/media/bgbf4a3r/empty-top-100.png",
     "level": 3
    }
   ],
   "url": "/voerur/heimilisvoerur/busahoeld/nestisbox/fresh-box-p-30201009",
   "availableInStock": 9,
   "alwaysInStock": false
  },
  {
   "sku": "30201030",
   "displayName": "Fresh Box",
   "brand": "Maku",
   "weight": "",
   "country": "CN",
   "productTeaser": "3,6 ltr.",
   "salesPrice": 1979.0,
   "pricePerUnit": null,
   "unitOfMeasure": null,
   "icons": [],
   "hazardLabels": [],
   "imageUrl": "https://cdne-image-prod-samkaup.azureedge.net/images-pim/30201030/30201030.jpg",
   "offer": null,
   "bonus": null,
   "breadcrumbs": [
    {
     "name": "Vörur",
     "url": "/voerur/",
     "categoryId": null,
     "categoryImageUrl": "https://cdne-image-prod-samkaup.azureedge.net/images-cms/media/0btnugbh/fruits-and-vegetables-768x512.jpg",
     "level": 0
    },
    {
     "name": "Heimilisvörur",
     "url": "/voerur/heimilisvoerur/",
     "categoryId": "61aa173cdfbb03c07550ae16",
     "categoryImageUrl": "https://cdne-image-prod-samkaup.azureedge.net/images-cms/media/r02bbbqt/heimilisvoerur-1000-500-px.png",
     "level": 1
    },
    {
     "name": "Búsáhöld",
     "url": "/voerur/heimilisvoerur/busahoeld/",
     "categoryId": "61afa98d58952c9651e559fd",
     "categoryImageUrl": "https://cdne-image-prod-samkaup.azureedge.net/images-cms/media/uuwp3ewo/búsáhoeld-1000-500-px.png",
     "level": 2
    },
    {
     "name": "Krukkur og ílát",
     "url": "/voerur/heimilisvoerur/busahoeld/krukkur-og-ilat/",
     "categoryId": "62695fb4a029622018e30283",
     "categoryImageUrl": "https://cdne-image-prod-samkaup.azureedge.net/images-cms/media/bgbf4a3r/empty-top-100.png",
     "level": 3
    }
   ],
   "url": "/voerur/heimilisvoerur/busahoeld/krukkur-og-ilat/fresh-box-p-30201030",
   "availableInStock": 12,
   "alwaysInStock": false
  },
  {
   "sku": "30201031",
   "displayName": "Fresh Box",
   "brand": "Maku",
   "weight": "",
   "country": "CN",
   "productTeaser": "5,6 ltr.",
   "salesPrice": 2149.0,
   "pricePerUnit": null,
   "unitOfMeasure": null,
   "icons": [],
   "hazardLabels": [],
   "imageUrl": "https://cdne-image-prod-samkaup.azureedge.net/images-pim/30201031/30201031.jpg",
   "offer": null,
   "bonus": null,
   "breadcrumbs": [
    {
     "name": "Vörur",
     "url": "/voerur/",
     "categoryId": null,
     "categoryImageUrl": "https://cdne-image-prod-samkaup.azureedge.net/images-cms/media/0btnugbh/fruits-and-vegetables-768x512.jpg",
     "level": 0
    },
    {
     "name": "Heimilisvörur",
     "url": "/voerur/heimilisvoerur/",
     "categoryId": "61aa173cdfbb03c07550ae16",
     "categoryImageUrl": "https://cdne-image-prod-samkaup.azureedge.net/images-cms/media/r02bbbqt/heimilisvoerur-1000-500-px.png",
     "level": 1
    },
    {
     "name": "Búsáhöld",
     "url": "/voerur/heimilisvoerur/busahoeld/",
     "categoryId": "61afa98d58952c9651e559fd",
     "categoryImageUrl": "https://cdne-image-prod-samkaup.azureedge.net/images-cms/media/uuwp3ewo/búsáhoeld-1000-500-px.png",
     "level": 2
    },
    {
     "name": "Krukkur og ílát",
     "url": "/voerur/heimilisvoerur/busahoeld/krukkur-og-ilat/",
     "categoryId": "62695fb4a029622018e30283",
     "categoryImageUrl": "https://cdne-image-prod-samkaup.azureedge.net/images-cms/media/bgbf4a3r/empty-top-100.png",
     "level": 3
    }
   ],
   "url": "/voerur/heimilisvoerur/busahoeld/krukkur-og-ilat/fresh-box-p-30201031",
   "availableInStock": 9,
   "alwaysInStock": false
  },
  {
   "sku": "30016555",
   "displayName": "Freshmatic Áfylling",
   "brand": "Airwick",
   "weight": "250 ml.",
   "country": "SG",
   "productTeaser": "",
   "salesPrice": 1189.0,
   "pricePerUnit": 4756.0,
   "unitOfMeasure": "ltr.",
   "icons": [],
   "hazardLabels": [],
   "imageUrl": "https://cdne-image-prod-samkaup.azureedge.net/images-pim/30016555/30016555.png",
   "offer": null,
   "bonus": null,
   "breadcrumbs": [
    {
     "name": "Vörur",
     "url": "/voerur/",
     "categoryId": null,
     "categoryImageUrl": "https://cdne-image-prod-samkaup.azureedge.net/images-cms/media/0btnugbh/fruits-and-vegetables-768x512.jpg",
     "level": 0
    },
    {
     "name": "Heimilisvörur",
     "url": "/voerur/heimilisvoerur/",
     "categoryId": "61aa173cdfbb03c07550ae16",
     "categoryImageUrl": "https://cdne-image-prod-samkaup.azureedge.net/images-cms/media/r02bbbqt/heimilisvoerur-1000-500-px.png",
     "level": 1
    },
    {
     "name": "Hreinlætisvörur",
     "url": "/voerur/heimilisvoerur/hreinlaetisvoerur/",
     "categoryId": "61afa983bffe2443147fb138",
     "categoryImageUrl": "https://cdne-image-prod-samkaup.azureedge.net/images-cms/media/e1nfe2ng/hreinlaetisvoerur-1000-500-px.png",
     "level": 2
    },
    {
     "name": "Ilmur og lykt",
     "url": "/voerur/heimilisvoerur/hreinlaetisvoerur/ilmur-og-lykt/",
     "categoryId": "61afa9f9bffe2443147fb13f",
     "categoryImageUrl": "https://cdne-image-prod-samkaup.azureedge.net/images-cms/media/bgbf4a3r/empty-top-100.png",
     "level": 3
    }
   ],
   "url": "/voerur/heimilisvoerur/hreinlaetisvoerur/ilmur-og-lykt/freshmatic-afylling-p-30016555",
   "availableInStock": 3,
   "alwaysInStock": false
  },
  {
   "sku": "30036528",
   "displayName": "Freshmatic Áfylling",
   "brand": "Airwick",
   "weight": "250 ml.",
   "country": "GB",
   "productTeaser": "AirWick Freesia/Jasmin Ref.250ml.",
   "salesPrice": 1019.0,
   "pricePerUnit": 4076.0,
   "unitOfMeasure": "ltr.",
   "icons": [],
   "hazardLabels": [],
   "imageUrl": "https://cdne-image-prod-samkaup.azureedge.net/images-pim/30036528/30036528.png",
   "offer": null,
   "bonus": null,
   "breadcrumbs": [
    {
     "name": "Vörur",
     "url": "/voerur/",
     "categoryId": null,
     "categoryImageUrl": "https://cdne-image-prod-samkaup.azureedge.net/images-cms/media/0btnugbh/fruits-and-vegetables-768x512.jpg",
     "level": 0
    },
    {
     "name": "Heimilisvörur",
     "url": "/voerur/heimilisvoerur/",
     "categoryId": "61aa173cdfbb03c07550ae16",
     "categoryImageUrl": "https://cdne-image-prod-samkaup.azureedge.net/images-cms/media/r02bbbqt/heimilisvoerur-1000-500-px.png",
     "level": 1
    },
    {
     "name": "Hreinlætisvörur",
     "url": "/voerur/heimilisvoerur/hreinlaetisvoerur/",
     "categoryId": "61afa983bffe2443147fb138",
     "categoryImageUrl": "https://cdne-image-prod-samkaup.azureedge.net/images-cms/media/e1nfe2ng/hreinlaetisvoerur-1000-500-px.png",
     "level": 2
    },
    {
     "name": "Ilmur og lykt",
     "url": "/voerur/heimilisvoerur/hreinlaetisvoerur/ilmur-og-lykt/",
     "categoryId": "61afa9f9bffe2443147fb13f",
     "categoryImageUrl": "https://cdne-image-prod-samkaup.azureedge.net/images-cms/media/bgbf4a3r/empty-top-100.png",
     "level": 3
    }
   ],
   "url": "/voerur/heimilisvoerur/hreinlaetisvoerur/ilmur-og-lykt/freshmatic-afylling-p-30036528",
   "availableInStock": 11,
   "alwaysInStock": false
  },
  {
   "sku": "30036526",
   "displayName": "Freshmatic Áfylling",
   "brand": "Airwick",
   "weight": "250 ml.",
   "country": "GB",
   "productTeaser": "AirWick Fresh Matic Lavender Ref.",
   "salesPrice": 1069.0,
   "pricePerUnit": 4276.0,
   "unitOfMeasure": "ltr.",
   "icons": [],
   "hazardLabels": [],
   "imageUrl": "https://cdne-image-prod-samkaup.azureedge.net/images-pim/30036526/30036526.png",
   "offer": null,
   "bonus": null,
   "breadcrumbs": [
    {
     "name": "Vörur",
     "url": "/voerur/",
     "categoryId": null,
     "categoryImageUrl": "https://cdne-image-prod-samkaup.azureedge.net/images-cms/media/0btnugbh/fruits-and-vegetables-768x512.jpg",
     "level": 0
    },
    {
     "name": "Heimilisvörur",
     "url": "/voerur/heimilisvoerur/",
     "categoryId": "61aa173cdfbb03c07550ae16",
     "categoryImageUrl": "https://cdne-image-prod-samkaup.azureedge.net/images-cms/media/r02bbbqt/heimilisvoerur-1000-500-px.png",
     "level": 1
    },
    {
     "name": "Hreinlætisvörur",
     "url": "/voerur/heimilisvoerur/hreinlaetisvoerur/",
     "categoryId": "61afa983bffe2443147fb138",
     "categoryImageUrl": "https://cdne-image-prod-samkaup.azureedge.net/images-cms/media/e1nfe2ng/hreinlaetisvoerur-1000-500-px.png",
     "level": 2
    },
    {
     "name": "Ilmur og lykt",
     "url": "/voerur/heimilisvoerur/hreinlaetisvoerur/ilmur-og-lykt/",
     "categoryId": "61afa9f9bffe2443147fb13f",
     "categoryImageUrl": "https://cdne-image-prod-samkaup.azureedge.net/images-cms/media/bgbf4a3r/empty-top-100.png",
     "level": 3
    }
   ],
   "url": "/voerur/heimilisvoerur/hreinlaetisvoerur/ilmur-og-lykt/freshmatic-afylling-p-30036526",
   "availableInStock": 7,
   "alwaysInStock": false
  },
  {
   "sku": "30188751",
   "displayName": "Freshmatic Starter Tæki",
   "brand": "Airwick",
   "weight": "250 ml.",
   "country": "",
   "productTeaser": "Sjálfvirkt Sprey",
   "salesPrice": 2679.0,
   "pricePerUnit": 10716.0,
   "unitOfMeasure": "ltr.",
   "icons": [],
   "hazardLabels": [],
   "imageUrl": "https://cdne-image-prod-samkaup.azureedge.net/images-pim/30188751/30188751.png",
   "offer": null,
   "bonus": null,
   "breadcrumbs": [
    {
     "name": "Vörur",
     "url": "/voerur/",
     "categoryId": null,
     "categoryImageUrl": "https://cdne-image-prod-samkaup.azureedge.net/images-cms/media/0btnugbh/fruits-and-vegetables-768x512.jpg",
     "level": 0
    },
    {
     "name": "Heimilisvörur",
     "url": "/voerur/heimilisvoerur/",
     "categoryId": "61aa173cdfbb03c07550ae16",
     "categoryImageUrl": "https://cdne-image-prod-samkaup.azureedge.net/images-cms/media/r02bbbqt/heimilisvoerur-1000-500-px.png",
     "level": 1
    },
    {
     "name": "Hreinlætisvörur",
     "url": "/voerur/heimilisvoerur/hreinlaetisvoerur/",
     "categoryId": "61afa983bffe2443147fb138",
     "categoryImageUrl": "https://cdne-image-prod-samkaup.azureedge.net/images-cms/media/e1nfe2ng/hreinlaetisvoerur-1000-500-px.png",
     "level": 2
    },
    {
     "name": "Ilmur og lykt",
     "url": "/voerur/heimilisvoerur/hreinlaetisvoerur/ilmur-og-lykt/",
     "categoryId": "61afa9f9bffe2443147fb13f",
     "categoryImageUrl": "https://cdne-image-prod-samkaup.azureedge.net/images-cms/media/bgbf4a3r/empty-top-100.png",
     "level": 3
    }
   ],
   "url": "/voerur/heimilisvoerur/hreinlaetisvoerur/ilmur-og-lykt/freshmatic-starter-taeki-p-30188751",
   "availableInStock": 5,
   "alwaysInStock": false
  },
  {
   "sku": "30174699",
   "displayName": "Freshworks Box 1,5 ltr.",
   "brand": "Sistema",
   "weight": "",
   "country": "NZ",
   "productTeaser": "",
   "salesPrice": 1489.0,
   "pricePerUnit": null,
   "unitOfMeasure": null,
   "icons": [],
   "hazardLabels": [],
   "imageUrl": "https://cdne-image-prod-samkaup.azureedge.net/images-pim/30174699/30174699.jpg",
   "offer": null,
   "bonus": null,
   "breadcrumbs": [
    {
     "name": "Vörur",
     "url": "/voerur/",
     "categoryId": null,
     "categoryImageUrl": "https://cdne-image-prod-samkaup.azureedge.net/images-cms/media/0btnugbh/fruits-and-vegetables-768x512.jpg",
     "level": 0
    },
    {
     "name": "Heimilisvörur",
     "url": "/voerur/heimilisvoerur/",
     "categoryId": "61aa173cdfbb03c07550ae16",
     "categoryImageUrl": "https://cdne-image-prod-samkaup.azureedge.net/images-cms/media/r02bbbqt/heimilisvoerur-1000-500-px.png",
     "level": 1
    },
    {
     "name": "Búsáhöld",
     "url": "/voerur/heimilisvoerur/busahoeld/",
     "categoryId": "61afa98d58952c9651e559fd",
     "categoryImageUrl": "https://cdne-image-prod-samkaup.azureedge.net/images-cms/media/uuwp3ewo/búsáhoeld-1000-500-px.png",
     "level": 2
    },
    {
     "name": "Krukkur og ílát",
     "url": "/voerur/heimilisvoerur/busahoeld/krukkur-og-ilat/",
     "categoryId": "62695fb4a029622018e30283",
     "categoryImageUrl": "https://cdne-image-prod-samkaup.azureedge.net/images-cms/media/bgbf4a3r/empty-top-100.png",
     "level": 3
    }
   ],
   "url": "/voerur/heimilisvoerur/busahoeld/krukkur-og-ilat/freshworks-box-1-5-ltr-p-30174699",
   "availableInStock": 3,
   "alwaysInStock": false
  },
  {
   "sku": "30174700",
   "displayName": "Freshworks Box 1,9 ltr.",
   "brand": "Sistema",
   "weight": "",
   "country": "NZ",
   "productTeaser": "",
   "salesPrice": 1919.0,
   "pricePerUnit": null,
   "unitOfMeasure": null,
   "icons": [],
   "hazardLabels": [],
   "imageUrl": "https://cdne-image-prod-samkaup.azureedge.net/images-pim/30174700/30174700.jpg",
   "offer": null,
   "bonus": null,
   "breadcrumbs": [
    {
     "name": "Vörur",
     "url": "/voerur/",
     "categoryId": null,
     "categoryImageUrl": "https://cdne-image-prod-samkaup.azureedge.net/images-cms/media/0btnugbh/fruits-and-vegetables-768x512.jpg",
     "level": 0
    },
    {
     "name": "Heimilisvörur",
     "url": "/voerur/heimilisvoerur/",
     "categoryId": "61aa173cdfbb03c07550ae16",
     "categoryImageUrl": "https://cdne-image-prod-samkaup.azureedge.net/images-cms/media/r02bbbqt/heimilisvoerur-1000-500-px.png",
     "level": 1
    },
    {
     "name": "Búsáhöld",
     "url": "/voerur/heimilisvoerur/busahoeld/",
     "categoryId": "61afa98d58952c9651e559fd",
     "categoryImageUrl": "https://cdne-image-prod-samkaup.azureedge.net/images-cms/media/uuwp3ewo/búsáhoeld-1000-500-px.png",
     "level": 2
    },
    {
     "name": "Krukkur og ílát",
     "url": "/voerur/heimilisvoerur/busahoeld/krukkur-og-ilat/",
     "categoryId": "62695fb4a029622018e30283",
     "categoryImageUrl": "https://cdne-image-prod-samkaup.azureedge.net/images-cms/media/bgbf4a3r/empty-top-100.png",
     "level": 3
    }
   ],
   "url": "/voerur/heimilisvoerur/busahoeld/krukkur-og-ilat/freshworks-box-1-9-ltr-p-30174700",
   "availableInStock": 9,
   "alwaysInStock": false
  },
  {
   "sku": "30174701",
   "displayName": "Freshworks Box 2,6 ltr.",
   "brand": "Sistema",
   "weight": "",
   "country": "NZ",
   "productTeaser": "",
   "salesPrice": 2019.0,
   "pricePerUnit": null,
   "unitOfMeasure": null,
   "icons": [],
   "hazardLabels": [],
   "imageUrl": "https://cdne-image-prod-samkaup.azureedge.net/images-pim/30174701/30174701.jpg",
   "offer": null,
   "bonus": null,
   "breadcrumbs": [
    {
     "name": "Vörur",
     "url": "/voerur/",
     "categoryId": null,
     "categoryImageUrl": "https://cdne-image-prod-samkaup.azureedge.net/images-cms/media/0btnugbh/fruits-and-vegetables-768x512.jpg",
     "level": 0
    },
    {
     "name": "Heimilisvörur",
     "url": "/voerur/heimilisvoerur/",
     "categoryId": "61aa173cdfbb03c07550ae16",
     "categoryImageUrl": "https://cdne-image-prod-samkaup.azureedge.net/images-cms/media/r02bbbqt/heimilisvoerur-1000-500-px.png",
     "level": 1
    },
    {
     "name": "Búsáhöld",
     "url": "/voerur/heimilisvoerur/busahoeld/",
     "categoryId": "61afa98d58952c9651e559fd",
     "categoryImageUrl": "https://cdne-image-prod-samkaup.azureedge.net/images-cms/media/uuwp3ewo/búsáhoeld-1000-500-px.png",
     "level": 2
    },
    {
     "name": "Krukkur og ílát",
     "url": "/voerur/heimilisvoerur/busahoeld/krukkur-og-ilat/",
     "categoryId": "62695fb4a029622018e30283",
     "categoryImageUrl": "https://cdne-image-prod-samkaup.azureedge.net/images-cms/media/bgbf4a3r/empty-top-100.png",
     "level": 3
    }
   ],
   "url": "/voerur/heimilisvoerur/busahoeld/krukkur-og-ilat/freshworks-box-2-6-ltr-p-30174701",
   "availableInStock": 5,
   "alwaysInStock": false
  },
  {
   "sku": "30156557",
   "displayName": "Freshworks Box 591 ml.",
   "brand": "Sistema",
   "weight": "",
   "country": "NZ",
   "productTeaser": "",
   "salesPrice": 1019.0,
   "pricePerUnit": null,
   "unitOfMeasure": null,
   "icons": [],
   "hazardLabels": [],
   "imageUrl": "https://cdne-image-prod-samkaup.azureedge.net/images-pim/30156557/30156557.jpg",
   "offer": null,
   "bonus": null,
   "breadcrumbs": [
    {
     "name": "Vörur",
     "url": "/voerur/",
     "categoryId": null,
     "categoryImageUrl": "https://cdne-image-prod-samkaup.azureedge.net/images-cms/media/0btnugbh/fruits-and-vegetables-768x512.jpg",
     "level": 0
    },
    {
     "name": "Heimilisvörur",
     "url": "/voerur/heimilisvoerur/",
     "categoryId": "61aa173cdfbb03c07550ae16",
     "categoryImageUrl": "https://cdne-image-prod-samkaup.azureedge.net/images-cms/media/r02bbbqt/heimilisvoerur-1000-500-px.png",
     "level": 1
    },
    {
     "name": "Búsáhöld",
     "url": "/voerur/heimilisvoerur/busahoeld/",
     "categoryId": "61afa98d58952c9651e559fd",
     "categoryImageUrl": "https://cdne-image-prod-samkaup.azureedge.net/images-cms/media/uuwp3ewo/búsáhoeld-1000-500-px.png",
     "level": 2
    },
    {
     "name": "Krukkur og ílát",
     "url": "/voerur/heimilisvoerur/busahoeld/krukkur-og-ilat/",
     "categoryId": "62695fb4a029622018e30283",
     "categoryImageUrl": "https://cdne-image-prod-samkaup.azureedge.net/images-cms/media/bgbf4a3r/empty-top-100.png",
     "level": 3
    }
   ],
   "url": "/voerur/heimilisvoerur/busahoeld/krukkur-og-ilat/freshworks-box-591-ml-p-30156557",
   "availableInStock": 5,
   "alwaysInStock": false
  },
  {
   "sku": "30096840",
   "displayName": "Frystipokar",
   "brand": "Rayburn",
   "weight": "200 gr.",
   "country": "CN",
   "productTeaser": "250 stk.",
   "salesPrice": 359.0,
   "pricePerUnit": 1795.0,
   "unitOfMeasure": "kg.",
   "icons": [],
   "hazardLabels": [],
   "imageUrl": "https://cdne-image-prod-samkaup.azureedge.net/images-pim/30096840/30096840.jpg",
   "offer": null,
   "bonus": null,
   "breadcrumbs": [
    {
     "name": "Vörur",
     "url": "/voerur/",
     "categoryId": null,
     "categoryImageUrl": "https://cdne-image-prod-samkaup.azureedge.net/images-cms/media/0btnugbh/fruits-and-vegetables-768x512.jpg",
     "level": 0
    },
    {
     "name": "Heimilisvörur",
     "url": "/voerur/heimilisvoerur/",
     "categoryId": "61aa173cdfbb03c07550ae16",
     "categoryImageUrl": "https://cdne-image-prod-samkaup.azureedge.net/images-cms/media/r02bbbqt/heimilisvoerur-1000-500-px.png",
     "level": 1
    },
    {
     "name": "Pokar",
     "url": "/voerur/heimilisvoerur/pokar/",
     "categoryId": "61afa986c665e1cda6403bd4",
     "categoryImageUrl": "https://cdne-image-prod-samkaup.azureedge.net/images-cms/media/hxehog5s/pokar-1000-500-px.png",
     "level": 2
    },
    {
     "name": "Frystipokar",
     "url": "/voerur/heimilisvoerur/pokar/frystipokar/",
     "categoryId": "624c1ed7d70c9cb51042ca35",
     "categoryImageUrl": "https://cdne-image-prod-samkaup.azureedge.net/images-cms/media/bgbf4a3r/empty-top-100.png",
     "level": 3
    }
   ],
   "url": "/voerur/heimilisvoerur/pokar/frystipokar/frystipokar-p-30096840",
   "availableInStock": 9,
   "alwaysInStock": false
  },
  {
   "sku": "30197233",
   "displayName": "Frystipokar 28 x 52 cm.",
   "brand": "Heimilislína",
   "weight": "150 gr.",
   "country": "",
   "productTeaser": "30 stk.",
   "salesPrice": 539.0,
   "pricePerUnit": 3593.0,
   "unitOfMeasure": "kg.",
   "icons": [],
   "hazardLabels": [],
   "imageUrl": "https://cdne-image-prod-samkaup.azureedge.net/images-pim/30197233/30197233.jpg",
   "offer": null,
   "bonus": null,
   "breadcrumbs": [
    {
     "name": "Vörur",
     "url": "/voerur/",
     "categoryId": null,
     "categoryImageUrl": "https://cdne-image-prod-samkaup.azureedge.net/images-cms/media/0btnugbh/fruits-and-vegetables-768x512.jpg",
     "level": 0
    },
    {
     "name": "Heimilisvörur",
     "url": "/voerur/heimilisvoerur/",
     "categoryId": "61aa173cdfbb03c07550ae16",
     "categoryImageUrl": "https://cdne-image-prod-samkaup.azureedge.net/images-cms/media/r02bbbqt/heimilisvoerur-1000-500-px.png",
     "level": 1
    },
    {
     "name": "Pokar",
     "url": "/voerur/heimilisvoerur/pokar/",
     "categoryId": "61afa986c665e1cda6403bd4",
     "categoryImageUrl": "https://cdne-image-prod-samkaup.azureedge.net/images-cms/media/hxehog5s/pokar-1000-500-px.png",
     "level": 2
    },
    {
     "name": "Frystipokar",
     "url": "/voerur/heimilisvoerur/pokar/frystipokar/",
     "categoryId": "624c1ed7d70c9cb51042ca35",
     "categoryImageUrl": "https://cdne-image-prod-samkaup.azureedge.net/images-cms/media/bgbf4a3r/empty-top-100.png",
     "level": 3
    }
   ],
   "url": "/voerur/heimilisvoerur/pokar/frystipokar/frystipokar-28-x-52-cm-p-30197233",
   "availableInStock": 31,
   "alwaysInStock": false
  },
  {
   "sku": "30208732",
   "displayName": "Frystipokar 8 Ltr.",
   "brand": "COOP",
   "weight": "100 gr.",
   "country": "",
   "productTeaser": "20 stk.",
   "salesPrice": 259.0,
   "pricePerUnit": 2590.0,
   "unitOfMeasure": "kg.",
   "icons": [],
   "hazardLabels": [],
   "imageUrl": "https://cdne-image-prod-samkaup.azureedge.net/images-pim/30208732/30208732.png",
   "offer": null,
   "bonus": null,
   "breadcrumbs": [
    {
     "name": "Vörur",
     "url": "/voerur/",
     "categoryId": null,
     "categoryImageUrl": "https://cdne-image-prod-samkaup.azureedge.net/images-cms/media/0btnugbh/fruits-and-vegetables-768x512.jpg",
     "level": 0
    },
    {
     "name": "Heimilisvörur",
     "url": "/voerur/heimilisvoerur/",
     "categoryId": "61aa173cdfbb03c07550ae16",
     "categoryImageUrl": "https://cdne-image-prod-samkaup.azureedge.net/images-cms/media/r02bbbqt/heimilisvoerur-1000-500-px.png",
     "level": 1
    },
    {
     "name": "Pokar",
     "url": "/voerur/heimilisvoerur/pokar/",
     "categoryId": "61afa986c665e1cda6403bd4",
     "categoryImageUrl": "https://cdne-image-prod-samkaup.azureedge.net/images-cms/media/hxehog5s/pokar-1000-500-px.png",
     "level": 2
    },
    {
     "name": "Frystipokar",
     "url": "/voerur/heimilisvoerur/pokar/frystipokar/",
     "categoryId": "624c1ed7d70c9cb51042ca35",
     "categoryImageUrl": "https://cdne-image-prod-samkaup.azureedge.net/images-cms/media/bgbf4a3r/empty-top-100.png",
     "level": 3
    }
   ],
   "url": "/voerur/heimilisvoerur/pokar/frystipokar/frystipokar-8-ltr-p-30208732",
   "availableInStock": 13,
   "alwaysInStock": false
  },
  {
   "sku": "297004846",
   "displayName": "Fægir",
   "brand": "Silvo",
   "weight": "150 ml.",
   "country": "ID",
   "productTeaser": "Fægir Silvo 150ml",
   "salesPrice": 1019.0,
   "pricePerUnit": 6793.0,
   "unitOfMeasure": "ltr.",
   "icons": [],
   "hazardLabels": [],
   "imageUrl": "https://cdne-image-prod-samkaup.azureedge.net/images-pim/297004846/297004846.png",
   "offer": null,
   "bonus": null,
   "breadcrumbs": [
    {
     "name": "Vörur",
     "url": "/voerur/",
     "categoryId": null,
     "categoryImageUrl": "https://cdne-image-prod-samkaup.azureedge.net/images-cms/media/0btnugbh/fruits-and-vegetables-768x512.jpg",
     "level": 0
    },
    {
     "name": "Heimilisvörur",
     "url": "/voerur/heimilisvoerur/",
     "categoryId": "61aa173cdfbb03c07550ae16",
     "categoryImageUrl": "https://cdne-image-prod-samkaup.azureedge.net/images-cms/media/r02bbbqt/heimilisvoerur-1000-500-px.png",
     "level": 1
    },
    {
     "name": "Hreinlætisvörur",
     "url": "/voerur/heimilisvoerur/hreinlaetisvoerur/",
     "categoryId": "61afa983bffe2443147fb138",
     "categoryImageUrl": "https://cdne-image-prod-samkaup.azureedge.net/images-cms/media/e1nfe2ng/hreinlaetisvoerur-1000-500-px.png",
     "level": 2
    },
    {
     "name": "Fægir",
     "url": "/voerur/heimilisvoerur/hreinlaetisvoerur/faegir/",
     "categoryId": "61afaa04bffe2443147fb141",
     "categoryImageUrl": "https://cdne-image-prod-samkaup.azureedge.net/images-cms/media/bgbf4a3r/empty-top-100.png",
     "level": 3
    }
   ],
   "url": "/voerur/heimilisvoerur/hreinlaetisvoerur/faegir/faegir-p-297004846",
   "availableInStock": 11,
   "alwaysInStock": false
  },
  {
   "sku": "10001157",
   "displayName": "Fægir",
   "brand": "Brasso",
   "weight": "150 ml.",
   "country": "ES",
   "productTeaser": "Fægir Brasso 150ml",
   "salesPrice": 879.0,
   "pricePerUnit": 5860.0,
   "unitOfMeasure": "ltr.",
   "icons": [],
   "hazardLabels": [],
   "imageUrl": "https://cdne-image-prod-samkaup.azureedge.net/images-pim/10001157/10001157.png",
   "offer": null,
   "bonus": null,
   "breadcrumbs": [
    {
     "name": "Vörur",
     "url": "/voerur/",
     "categoryId": null,
     "categoryImageUrl": "https://cdne-image-prod-samkaup.azureedge.net/images-cms/media/0btnugbh/fruits-and-vegetables-768x512.jpg",
     "level": 0
    },
    {
     "name": "Heimilisvörur",
     "url": "/voerur/heimilisvoerur/",
     "categoryId": "61aa173cdfbb03c07550ae16",
     "categoryImageUrl": "https://cdne-image-prod-samkaup.azureedge.net/images-cms/media/r02bbbqt/heimilisvoerur-1000-500-px.png",
     "level": 1
    },
    {
     "name": "Hreinlætisvörur",
     "url": "/voerur/heimilisvoerur/hreinlaetisvoerur/",
     "categoryId": "61afa983bffe2443147fb138",
     "categoryImageUrl": "https://cdne-image-prod-samkaup.azureedge.net/images-cms/media/e1nfe2ng/hreinlaetisvoerur-1000-500-px.png",
     "level": 2
    },
    {
     "name": "Fægir",
     "url": "/voerur/heimilisvoerur/hreinlaetisvoerur/faegir/",
     "categoryId": "61afaa04bffe2443147fb141",
     "categoryImageUrl": "https://cdne-image-prod-samkaup.azureedge.net/images-cms/media/bgbf4a3r/empty-top-100.png",
     "level": 3
    }
   ],
   "url": "/voerur/heimilisvoerur/hreinlaetisvoerur/faegir/faegir-p-10001157",
   "availableInStock": 5,
   "alwaysInStock": false
  },
  {
   "sku": "30203409",
   "displayName": "Gaffall Tré",
   "brand": "Maku",
   "weight": "",
   "country": "PL",
   "productTeaser": "",
   "salesPrice": 419.0,
   "pricePerUnit": null,
   "unitOfMeasure": null,
   "icons": [],
   "hazardLabels": [],
   "imageUrl": "https://cdne-image-prod-samkaup.azureedge.net/images-pim/30203409/30203409.png",
   "offer": null,
   "bonus": null,
   "breadcrumbs": [
    {
     "name": "Vörur",
     "url": "/voerur/",
     "categoryId": null,
     "categoryImageUrl": "https://cdne-image-prod-samkaup.azureedge.net/images-cms/media/0btnugbh/fruits-and-vegetables-768x512.jpg",
     "level": 0
    },
    {
     "name": "Heimilisvörur",
     "url": "/voerur/heimilisvoerur/",
     "categoryId": "61aa173cdfbb03c07550ae16",
     "categoryImageUrl": "https://cdne-image-prod-samkaup.azureedge.net/images-cms/media/r02bbbqt/heimilisvoerur-1000-500-px.png",
     "level": 1
    },
    {
     "name": "Búsáhöld",
     "url": "/voerur/heimilisvoerur/busahoeld/",
     "categoryId": "61afa98d58952c9651e559fd",
     "categoryImageUrl": "https://cdne-image-prod-samkaup.azureedge.net/images-cms/media/uuwp3ewo/búsáhoeld-1000-500-px.png",
     "level": 2
    },
    {
     "name": "Hnífapör",
     "url": "/voerur/heimilisvoerur/busahoeld/hnifapoer/",
     "categoryId": "624da256ae8a756a44830d1e",
     "categoryImageUrl": "https://cdne-image-prod-samkaup.azureedge.net/images-cms/media/bgbf4a3r/empty-top-100.png",
     "level": 3
    }
   ],
   "url": "/voerur/heimilisvoerur/busahoeld/hnifapoer/gaffall-tre-p-30203409",
   "availableInStock": 17,
   "alwaysInStock": false
  },
  {
   "sku": "30170975",
   "displayName": "Gashylki",
   "brand": "Maku",
   "weight": "",
   "country": "SE",
   "productTeaser": "Í Rjómasprautu",
   "salesPrice": 1019.0,
   "pricePerUnit": null,
   "unitOfMeasure": null,
   "icons": [],
   "hazardLabels": [],
   "imageUrl": "https://cdne-image-prod-samkaup.azureedge.net/images-pim/30170975/30170975.jpg",
   "offer": null,
   "bonus": null,
   "breadcrumbs": [
    {
     "name": "Vörur",
     "url": "/voerur/",
     "categoryId": null,
     "categoryImageUrl": "https://cdne-image-prod-samkaup.azureedge.net/images-cms/media/0btnugbh/fruits-and-vegetables-768x512.jpg",
     "level": 0
    },
    {
     "name": "Heimilisvörur",
     "url": "/voerur/heimilisvoerur/",
     "categoryId": "61aa173cdfbb03c07550ae16",
     "categoryImageUrl": "https://cdne-image-prod-samkaup.azureedge.net/images-cms/media/r02bbbqt/heimilisvoerur-1000-500-px.png",
     "level": 1
    },
    {
     "name": "Búsáhöld",
     "url": "/voerur/heimilisvoerur/busahoeld/",
     "categoryId": "61afa98d58952c9651e559fd",
     "categoryImageUrl": "https://cdne-image-prod-samkaup.azureedge.net/images-cms/media/uuwp3ewo/búsáhoeld-1000-500-px.png",
     "level": 2
    },
    {
     "name": "Rjómasprautur",
     "url": "/voerur/heimilisvoerur/busahoeld/rjomasprautur/",
     "categoryId": "624c2296061b04309fa3f40b",
     "categoryImageUrl": "https://cdne-image-prod-samkaup.azureedge.net/images-cms/media/bgbf4a3r/empty-top-100.png",
     "level": 3
    }
   ],
   "url": "/voerur/heimilisvoerur/busahoeld/rjomasprautur/gashylki-p-30170975",
   "availableInStock": 42,
   "alwaysInStock": false
  },
  {
   "sku": "10084679",
   "displayName": "Gatapokar A4",
   "brand": null,
   "weight": "",
   "country": "",
   "productTeaser": "",
   "salesPrice": 459.0,
   "pricePerUnit": null,
   "unitOfMeasure": null,
   "icons": [],
   "hazardLabels": [],
   "imageUrl": "https://cdne-image-prod-samkaup.azureedge.net/images-pim/10084679/10084679.jpg",
   "offer": null,
   "bonus": null,
   "breadcrumbs": [
    {
     "name": "Vörur",
     "url": "/voerur/",
     "categoryId": null,
     "categoryImageUrl": "https://cdne-image-prod-samkaup.azureedge.net/images-cms/media/0btnugbh/fruits-and-vegetables-768x512.jpg",
     "level": 0
    },
    {
     "name": "Heimilisvörur",
     "url": "/voerur/heimilisvoerur/",
     "categoryId": "61aa173cdfbb03c07550ae16",
     "categoryImageUrl": "https://cdne-image-prod-samkaup.azureedge.net/images-cms/media/r02bbbqt/heimilisvoerur-1000-500-px.png",
     "level": 1
    },
    {
     "name": "Skóla-og skrifstofuvörur",
     "url": "/voerur/heimilisvoerur/skola-og-skrifstofuvoerur/",
     "categoryId": "61afa9a5bffe2443147fb13a",
     "categoryImageUrl": "https://cdne-image-prod-samkaup.azureedge.net/images-cms/media/otsmhl0j/skólavoerur-1000-500-px.png",
     "level": 2
    },
    {
     "name": "Skjalavarsla",
     "url": "/voerur/heimilisvoerur/skola-og-skrifstofuvoerur/skjalavarsla/",
     "categoryId": "6276963b07f1d4646212b712",
     "categoryImageUrl": "https://cdne-image-prod-samkaup.azureedge.net/images-cms/media/bgbf4a3r/empty-top-100.png",
     "level": 3
    }
   ],
   "url": "/voerur/heimilisvoerur/skola-og-skrifstofuvoerur/skjalavarsla/gatapokar-a4-p-10084679",
   "availableInStock": 0,
   "alwaysInStock": true
  },
  {
   "sku": "30136447",
   "displayName": "Gatari HP20",
   "brand": "Centra",
   "weight": "",
   "country": "",
   "productTeaser": "",
   "salesPrice": 1449.0,
   "pricePerUnit": null,
   "unitOfMeasure": null,
   "icons": [],
   "hazardLabels": [],
   "imageUrl": "https://cdne-image-prod-samkaup.azureedge.net/images-pim/30136447/30136447.jpg",
   "offer": null,
   "bonus": null,
   "breadcrumbs": [
    {
     "name": "Vörur",
     "url": "/voerur/",
     "categoryId": null,
     "categoryImageUrl": "https://cdne-image-prod-samkaup.azureedge.net/images-cms/media/0btnugbh/fruits-and-vegetables-768x512.jpg",
     "level": 0
    },
    {
     "name": "Heimilisvörur",
     "url": "/voerur/heimilisvoerur/",
     "categoryId": "61aa173cdfbb03c07550ae16",
     "categoryImageUrl": "https://cdne-image-prod-samkaup.azureedge.net/images-cms/media/r02bbbqt/heimilisvoerur-1000-500-px.png",
     "level": 1
    },
    {
     "name": "Skóla-og skrifstofuvörur",
     "url": "/voerur/heimilisvoerur/skola-og-skrifstofuvoerur/",
     "categoryId": "61afa9a5bffe2443147fb13a",
     "categoryImageUrl": "https://cdne-image-prod-samkaup.azureedge.net/images-cms/media/otsmhl0j/skólavoerur-1000-500-px.png",
     "level": 2
    },
    {
     "name": "Heftarar og skæri",
     "url": "/voerur/heimilisvoerur/skola-og-skrifstofuvoerur/heftarar-og-skaeri/",
     "categoryId": "624c255b7878f380ce845a5d",
     "categoryImageUrl": "https://cdne-image-prod-samkaup.azureedge.net/images-cms/media/bgbf4a3r/empty-top-100.png",
     "level": 3
    }
   ],
   "url": "/voerur/heimilisvoerur/skola-og-skrifstofuvoerur/heftarar-og-skaeri/gatari-hp20-p-30136447",
   "availableInStock": 0,
   "alwaysInStock": true
  },
  {
   "sku": "30201088",
   "displayName": "Gel Fljótandi Þvottaefni",
   "brand": "Ariel",
   "weight": "1776 ml.",
   "country": "GB",
   "productTeaser": "Original. 48 þvotta.",
   "salesPrice": 2529.0,
   "pricePerUnit": 1424.0,
   "unitOfMeasure": "ltr.",
   "icons": [],
   "hazardLabels": [],
   "imageUrl": "https://cdne-image-prod-samkaup.azureedge.net/images-pim/30201088/30201088.png",
   "offer": null,
   "bonus": null,
   "breadcrumbs": [
    {
     "name": "Vörur",
     "url": "/voerur/",
     "categoryId": null,
     "categoryImageUrl": "https://cdne-image-prod-samkaup.azureedge.net/images-cms/media/0btnugbh/fruits-and-vegetables-768x512.jpg",
     "level": 0
    },
    {
     "name": "Heimilisvörur",
     "url": "/voerur/heimilisvoerur/",
     "categoryId": "61aa173cdfbb03c07550ae16",
     "categoryImageUrl": "https://cdne-image-prod-samkaup.azureedge.net/images-cms/media/r02bbbqt/heimilisvoerur-1000-500-px.png",
     "level": 1
    },
    {
     "name": "Hreinlætisvörur",
     "url": "/voerur/heimilisvoerur/hreinlaetisvoerur/",
     "categoryId": "61afa983bffe2443147fb138",
     "categoryImageUrl": "https://cdne-image-prod-samkaup.azureedge.net/images-cms/media/e1nfe2ng/hreinlaetisvoerur-1000-500-px.png",
     "level": 2
    },
    {
     "name": "Fyrir þvottavélina og þurrkarann",
     "url": "/voerur/heimilisvoerur/hreinlaetisvoerur/fyrir-thvottavelina-og-thurrkarann/",
     "categoryId": "61afa9c0dfbb03c0755103a4",
     "categoryImageUrl": "https://cdne-image-prod-samkaup.azureedge.net/images-cms/media/bgbf4a3r/empty-top-100.png",
     "level": 3
    }
   ],
   "url": "/voerur/heimilisvoerur/hreinlaetisvoerur/fyrir-thvottavelina-og-thurrkarann/gel-fljotandi-thvottaefni-p-30201088",
   "availableInStock": 8,
   "alwaysInStock": false
  },
  {
   "sku": "30144669",
   "displayName": "Geymslukassi 14 ltr.",
   "brand": "Sistema",
   "weight": "",
   "country": "NZ",
   "productTeaser": "",
   "salesPrice": 1999.0,
   "pricePerUnit": null,
   "unitOfMeasure": null,
   "icons": [],
   "hazardLabels": [],
   "imageUrl": "https://cdne-image-prod-samkaup.azureedge.net/images-pim/30144669/30144669.jpg",
   "offer": null,
   "bonus": null,
   "breadcrumbs": [
    {
     "name": "Vörur",
     "url": "/voerur/",
     "categoryId": null,
     "categoryImageUrl": "https://cdne-image-prod-samkaup.azureedge.net/images-cms/media/0btnugbh/fruits-and-vegetables-768x512.jpg",
     "level": 0
    },
    {
     "name": "Heimilisvörur",
     "url": "/voerur/heimilisvoerur/",
     "categoryId": "61aa173cdfbb03c07550ae16",
     "categoryImageUrl": "https://cdne-image-prod-samkaup.azureedge.net/images-cms/media/r02bbbqt/heimilisvoerur-1000-500-px.png",
     "level": 1
    },
    {
     "name": "Búsáhöld",
     "url": "/voerur/heimilisvoerur/busahoeld/",
     "categoryId": "61afa98d58952c9651e559fd",
     "categoryImageUrl": "https://cdne-image-prod-samkaup.azureedge.net/images-cms/media/uuwp3ewo/búsáhoeld-1000-500-px.png",
     "level": 2
    },
    {
     "name": "Krukkur og ílát",
     "url": "/voerur/heimilisvoerur/busahoeld/krukkur-og-ilat/",
     "categoryId": "62695fb4a029622018e30283",
     "categoryImageUrl": "https://cdne-image-prod-samkaup.azureedge.net/images-cms/media/bgbf4a3r/empty-top-100.png",
     "level": 3
    }
   ],
   "url": "/voerur/heimilisvoerur/busahoeld/krukkur-og-ilat/geymslukassi-14-ltr-p-30144669",
   "availableInStock": 6,
   "alwaysInStock": false
  },
  {
   "sku": "30148699",
   "displayName": "Geymslukassi 175 Ml.",
   "brand": "Sistema",
   "weight": "",
   "country": "NZ",
   "productTeaser": "175ml",
   "salesPrice": 289.0,
   "pricePerUnit": null,
   "unitOfMeasure": null,
   "icons": [],
   "hazardLabels": [],
   "imageUrl": "https://cdne-image-prod-samkaup.azureedge.net/images-pim/30148699/30148699.jpg",
   "offer": null,
   "bonus": null,
   "breadcrumbs": [
    {
     "name": "Vörur",
     "url": "/voerur/",
     "categoryId": null,
     "categoryImageUrl": "https://cdne-image-prod-samkaup.azureedge.net/images-cms/media/0btnugbh/fruits-and-vegetables-768x512.jpg",
     "level": 0
    },
    {
     "name": "Heimilisvörur",
     "url": "/voerur/heimilisvoerur/",
     "categoryId": "61aa173cdfbb03c07550ae16",
     "categoryImageUrl": "https://cdne-image-prod-samkaup.azureedge.net/images-cms/media/r02bbbqt/heimilisvoerur-1000-500-px.png",
     "level": 1
    },
    {
     "name": "Búsáhöld",
     "url": "/voerur/heimilisvoerur/busahoeld/",
     "categoryId": "61afa98d58952c9651e559fd",
     "categoryImageUrl": "https://cdne-image-prod-samkaup.azureedge.net/images-cms/media/uuwp3ewo/búsáhoeld-1000-500-px.png",
     "level": 2
    },
    {
     "name": "Krukkur og ílát",
     "url": "/voerur/heimilisvoerur/busahoeld/krukkur-og-ilat/",
     "categoryId": "62695fb4a029622018e30283",
     "categoryImageUrl": "https://cdne-image-prod-samkaup.azureedge.net/images-cms/media/bgbf4a3r/empty-top-100.png",
     "level": 3
    }
   ],
   "url": "/voerur/heimilisvoerur/busahoeld/krukkur-og-ilat/geymslukassi-175-ml-p-30148699",
   "availableInStock": 6,
   "alwaysInStock": false
  },
  {
   "sku": "30144670",
   "displayName": "Geymslukassi 27 ltr.",
   "brand": "Sistema",
   "weight": "",
   "country": "NZ",
   "productTeaser": "",
   "salesPrice": 2829.0,
   "pricePerUnit": null,
   "unitOfMeasure": null,
   "icons": [],
   "hazardLabels": [],
   "imageUrl": "https://cdne-image-prod-samkaup.azureedge.net/images-pim/30144670/30144670.jpg",
   "offer": null,
   "bonus": null,
   "breadcrumbs": [
    {
     "name": "Vörur",
     "url": "/voerur/",
     "categoryId": null,
     "categoryImageUrl": "https://cdne-image-prod-samkaup.azureedge.net/images-cms/media/0btnugbh/fruits-and-vegetables-768x512.jpg",
     "level": 0
    },
    {
     "name": "Heimilisvörur",
     "url": "/voerur/heimilisvoerur/",
     "categoryId": "61aa173cdfbb03c07550ae16",
     "categoryImageUrl": "https://cdne-image-prod-samkaup.azureedge.net/images-cms/media/r02bbbqt/heimilisvoerur-1000-500-px.png",
     "level": 1
    },
    {
     "name": "Búsáhöld",
     "url": "/voerur/heimilisvoerur/busahoeld/",
     "categoryId": "61afa98d58952c9651e559fd",
     "categoryImageUrl": "https://cdne-image-prod-samkaup.azureedge.net/images-cms/media/uuwp3ewo/búsáhoeld-1000-500-px.png",
     "level": 2
    },
    {
     "name": "Krukkur og ílát",
     "url": "/voerur/heimilisvoerur/busahoeld/krukkur-og-ilat/",
     "categoryId": "62695fb4a029622018e30283",
     "categoryImageUrl": "https://cdne-image-prod-samkaup.azureedge.net/images-cms/media/bgbf4a3r/empty-top-100.png",
     "level": 3
    }
   ],
   "url": "/voerur/heimilisvoerur/busahoeld/krukkur-og-ilat/geymslukassi-27-ltr-p-30144670",
   "availableInStock": 4,
   "alwaysInStock": false
  },
  {
   "sku": "30148709",
   "displayName": "Geymslukassi 3,8 ltr.",
   "brand": "Sistema",
   "weight": "",
   "country": "NZ",
   "productTeaser": "",
   "salesPrice": 1719.0,
   "pricePerUnit": null,
   "unitOfMeasure": null,
   "icons": [],
   "hazardLabels": [],
   "imageUrl": "https://cdne-image-prod-samkaup.azureedge.net/images-pim/30148709/30148709.jpeg",
   "offer": null,
   "bonus": null,
   "breadcrumbs": [
    {
     "name": "Vörur",
     "url": "/voerur/",
     "categoryId": null,
     "categoryImageUrl": "https://cdne-image-prod-samkaup.azureedge.net/images-cms/media/0btnugbh/fruits-and-vegetables-768x512.jpg",
     "level": 0
    },
    {
     "name": "Heimilisvörur",
     "url": "/voerur/heimilisvoerur/",
     "categoryId": "61aa173cdfbb03c07550ae16",
     "categoryImageUrl": "https://cdne-image-prod-samkaup.azureedge.net/images-cms/media/r02bbbqt/heimilisvoerur-1000-500-px.png",
     "level": 1
    },
    {
     "name": "Búsáhöld",
     "url": "/voerur/heimilisvoerur/busahoeld/",
     "categoryId": "61afa98d58952c9651e559fd",
     "categoryImageUrl": "https://cdne-image-prod-samkaup.azureedge.net/images-cms/media/uuwp3ewo/búsáhoeld-1000-500-px.png",
     "level": 2
    },
    {
     "name": "Krukkur og ílát",
     "url": "/voerur/heimilisvoerur/busahoeld/krukkur-og-ilat/",
     "categoryId": "62695fb4a029622018e30283",
     "categoryImageUrl": "https://cdne-image-prod-samkaup.azureedge.net/images-cms/media/bgbf4a3r/empty-top-100.png",
     "level": 3
    }
   ],
   "url": "/voerur/heimilisvoerur/busahoeld/krukkur-og-ilat/geymslukassi-3-8-ltr-p-30148709",
   "availableInStock": 8,
   "alwaysInStock": false
  },
  {
   "sku": "30148704",
   "displayName": "Geymslukassi 3.5 Ltr.",
   "brand": "Sistema",
   "weight": "",
   "country": "NZ",
   "productTeaser": "3,5L incl Tray",
   "salesPrice": 1499.0,
   "pricePerUnit": null,
   "unitOfMeasure": null,
   "icons": [],
   "hazardLabels": [],
   "imageUrl": "https://cdne-image-prod-samkaup.azureedge.net/images-pim/30148704/30148704.png",
   "offer": null,
   "bonus": null,
   "breadcrumbs": [
    {
     "name": "Vörur",
     "url": "/voerur/",
     "categoryId": null,
     "categoryImageUrl": "https://cdne-image-prod-samkaup.azureedge.net/images-cms/media/0btnugbh/fruits-and-vegetables-768x512.jpg",
     "level": 0
    },
    {
     "name": "Heimilisvörur",
     "url": "/voerur/heimilisvoerur/",
     "categoryId": "61aa173cdfbb03c07550ae16",
     "categoryImageUrl": "https://cdne-image-prod-samkaup.azureedge.net/images-cms/media/r02bbbqt/heimilisvoerur-1000-500-px.png",
     "level": 1
    },
    {
     "name": "Búsáhöld",
     "url": "/voerur/heimilisvoerur/busahoeld/",
     "categoryId": "61afa98d58952c9651e559fd",
     "categoryImageUrl": "https://cdne-image-prod-samkaup.azureedge.net/images-cms/media/uuwp3ewo/búsáhoeld-1000-500-px.png",
     "level": 2
    },
    {
     "name": "Krukkur og ílát",
     "url": "/voerur/heimilisvoerur/busahoeld/krukkur-og-ilat/",
     "categoryId": "62695fb4a029622018e30283",
     "categoryImageUrl": "https://cdne-image-prod-samkaup.azureedge.net/images-cms/media/bgbf4a3r/empty-top-100.png",
     "level": 3
    }
   ],
   "url": "/voerur/heimilisvoerur/busahoeld/krukkur-og-ilat/geymslukassi-3-5-ltr-p-30148704",
   "availableInStock": 9,
   "alwaysInStock": false
  },
  {
   "sku": "30144672",
   "displayName": "Geymslukassi 40 ltr.",
   "brand": "Sistema",
   "weight": "",
   "country": "NZ",
   "productTeaser": "",
   "salesPrice": 3029.0,
   "pricePerUnit": null,
   "unitOfMeasure": null,
   "icons": [],
   "hazardLabels": [],
   "imageUrl": "https://cdne-image-prod-samkaup.azureedge.net/images-pim/30144672/30144672.jpg",
   "offer": null,
   "bonus": null,
   "breadcrumbs": [
    {
     "name": "Vörur",
     "url": "/voerur/",
     "categoryId": null,
     "categoryImageUrl": "https://cdne-image-prod-samkaup.azureedge.net/images-cms/media/0btnugbh/fruits-and-vegetables-768x512.jpg",
     "level": 0
    },
    {
     "name": "Heimilisvörur",
     "url": "/voerur/heimilisvoerur/",
     "categoryId": "61aa173cdfbb03c07550ae16",
     "categoryImageUrl": "https://cdne-image-prod-samkaup.azureedge.net/images-cms/media/r02bbbqt/heimilisvoerur-1000-500-px.png",
     "level": 1
    },
    {
     "name": "Búsáhöld",
     "url": "/voerur/heimilisvoerur/busahoeld/",
     "categoryId": "61afa98d58952c9651e559fd",
     "categoryImageUrl": "https://cdne-image-prod-samkaup.azureedge.net/images-cms/media/uuwp3ewo/búsáhoeld-1000-500-px.png",
     "level": 2
    },
    {
     "name": "Krukkur og ílát",
     "url": "/voerur/heimilisvoerur/busahoeld/krukkur-og-ilat/",
     "categoryId": "62695fb4a029622018e30283",
     "categoryImageUrl": "https://cdne-image-prod-samkaup.azureedge.net/images-cms/media/bgbf4a3r/empty-top-100.png",
     "level": 3
    }
   ],
   "url": "/voerur/heimilisvoerur/busahoeld/krukkur-og-ilat/geymslukassi-40-ltr-p-30144672",
   "availableInStock": 5,
   "alwaysInStock": false
  },
  {
   "sku": "30160953",
   "displayName": "Geymslukassi 400 ml.",
   "brand": "Sistema",
   "weight": "",
   "country": "NZ",
   "productTeaser": "",
   "salesPrice": 419.0,
   "pricePerUnit": null,
   "unitOfMeasure": null,
   "icons": [],
   "hazardLabels": [],
   "imageUrl": "https://cdne-image-prod-samkaup.azureedge.net/images-pim/30160953/30160953.jpeg",
   "offer": null,
   "bonus": null,
   "breadcrumbs": [
    {
     "name": "Vörur",
     "url": "/voerur/",
     "categoryId": null,
     "categoryImageUrl": "https://cdne-image-prod-samkaup.azureedge.net/images-cms/media/0btnugbh/fruits-and-vegetables-768x512.jpg",
     "level": 0
    },
    {
     "name": "Heimilisvörur",
     "url": "/voerur/heimilisvoerur/",
     "categoryId": "61aa173cdfbb03c07550ae16",
     "categoryImageUrl": "https://cdne-image-prod-samkaup.azureedge.net/images-cms/media/r02bbbqt/heimilisvoerur-1000-500-px.png",
     "level": 1
    },
    {
     "name": "Búsáhöld",
     "url": "/voerur/heimilisvoerur/busahoeld/",
     "categoryId": "61afa98d58952c9651e559fd",
     "categoryImageUrl": "https://cdne-image-prod-samkaup.azureedge.net/images-cms/media/uuwp3ewo/búsáhoeld-1000-500-px.png",
     "level": 2
    },
    {
     "name": "Krukkur og ílát",
     "url": "/voerur/heimilisvoerur/busahoeld/krukkur-og-ilat/",
     "categoryId": "62695fb4a029622018e30283",
     "categoryImageUrl": "https://cdne-image-prod-samkaup.azureedge.net/images-cms/media/bgbf4a3r/empty-top-100.png",
     "level": 3
    }
   ],
   "url": "/voerur/heimilisvoerur/busahoeld/krukkur-og-ilat/geymslukassi-400-ml-p-30160953",
   "availableInStock": 5,
   "alwaysInStock": false
  },
  {
   "sku": "30144673",
   "displayName": "Geymslukassi 60 ltr.",
   "brand": "Sistema",
   "weight": "",
   "country": "NZ",
   "productTeaser": "",
   "salesPrice": 5049.0,
   "pricePerUnit": null,
   "unitOfMeasure": null,
   "icons": [],
   "hazardLabels": [],
   "imageUrl": "https://cdne-image-prod-samkaup.azureedge.net/images-pim/30144673/30144673.jpg",
   "offer": null,
   "bonus": null,
   "breadcrumbs": [
    {
     "name": "Vörur",
     "url": "/voerur/",
     "categoryId": null,
     "categoryImageUrl": "https://cdne-image-prod-samkaup.azureedge.net/images-cms/media/0btnugbh/fruits-and-vegetables-768x512.jpg",
     "level": 0
    },
    {
     "name": "Heimilisvörur",
     "url": "/voerur/heimilisvoerur/",
     "categoryId": "61aa173cdfbb03c07550ae16",
     "categoryImageUrl": "https://cdne-image-prod-samkaup.azureedge.net/images-cms/media/r02bbbqt/heimilisvoerur-1000-500-px.png",
     "level": 1
    },
    {
     "name": "Búsáhöld",
     "url": "/voerur/heimilisvoerur/busahoeld/",
     "categoryId": "61afa98d58952c9651e559fd",
     "categoryImageUrl": "https://cdne-image-prod-samkaup.azureedge.net/images-cms/media/uuwp3ewo/búsáhoeld-1000-500-px.png",
     "level": 2
    },
    {
     "name": "Krukkur og ílát",
     "url": "/voerur/heimilisvoerur/busahoeld/krukkur-og-ilat/",
     "categoryId": "62695fb4a029622018e30283",
     "categoryImageUrl": "https://cdne-image-prod-samkaup.azureedge.net/images-cms/media/bgbf4a3r/empty-top-100.png",
     "level": 3
    }
   ],
   "url": "/voerur/heimilisvoerur/busahoeld/krukkur-og-ilat/geymslukassi-60-ltr-p-30144673",
   "availableInStock": 7,
   "alwaysInStock": false
  },
  {
   "sku": "30148707",
   "displayName": "Geymslukassi 7,9 Ltr.",
   "brand": "Sistema",
   "weight": "",
   "country": "NZ",
   "productTeaser": "7,9L incl tray",
   "salesPrice": 1919.0,
   "pricePerUnit": null,
   "unitOfMeasure": null,
   "icons": [],
   "hazardLabels": [],
   "imageUrl": "https://cdne-image-prod-samkaup.azureedge.net/images-pim/30148707/30148707.png",
   "offer": null,
   "bonus": null,
   "breadcrumbs": [
    {
     "name": "Vörur",
     "url": "/voerur/",
     "categoryId": null,
     "categoryImageUrl": "https://cdne-image-prod-samkaup.azureedge.net/images-cms/media/0btnugbh/fruits-and-vegetables-768x512.jpg",
     "level": 0
    },
    {
     "name": "Heimilisvörur",
     "url": "/voerur/heimilisvoerur/",
     "categoryId": "61aa173cdfbb03c07550ae16",
     "categoryImageUrl": "https://cdne-image-prod-samkaup.azureedge.net/images-cms/media/r02bbbqt/heimilisvoerur-1000-500-px.png",
     "level": 1
    },
    {
     "name": "Búsáhöld",
     "url": "/voerur/heimilisvoerur/busahoeld/",
     "categoryId": "61afa98d58952c9651e559fd",
     "categoryImageUrl": "https://cdne-image-prod-samkaup.azureedge.net/images-cms/media/uuwp3ewo/búsáhoeld-1000-500-px.png",
     "level": 2
    },
    {
     "name": "Krukkur og ílát",
     "url": "/voerur/heimilisvoerur/busahoeld/krukkur-og-ilat/",
     "categoryId": "62695fb4a029622018e30283",
     "categoryImageUrl": "https://cdne-image-prod-samkaup.azureedge.net/images-cms/media/bgbf4a3r/empty-top-100.png",
     "level": 3
    }
   ],
   "url": "/voerur/heimilisvoerur/busahoeld/krukkur-og-ilat/geymslukassi-7-9-ltr-p-30148707",
   "availableInStock": 5,
   "alwaysInStock": false
  },
  {
   "sku": "30160954",
   "displayName": "Geymslukassi 810 ml.",
   "brand": "Sistema",
   "weight": "",
   "country": "NZ",
   "productTeaser": "",
   "salesPrice": 459.0,
   "pricePerUnit": null,
   "unitOfMeasure": null,
   "icons": [],
   "hazardLabels": [],
   "imageUrl": "https://cdne-image-prod-samkaup.azureedge.net/images-pim/30160954/30160954.jpg",
   "offer": null,
   "bonus": null,
   "breadcrumbs": [
    {
     "name": "Vörur",
     "url": "/voerur/",
     "categoryId": null,
     "categoryImageUrl": "https://cdne-image-prod-samkaup.azureedge.net/images-cms/media/0btnugbh/fruits-and-vegetables-768x512.jpg",
     "level": 0
    },
    {
     "name": "Heimilisvörur",
     "url": "/voerur/heimilisvoerur/",
     "categoryId": "61aa173cdfbb03c07550ae16",
     "categoryImageUrl": "https://cdne-image-prod-samkaup.azureedge.net/images-cms/media/r02bbbqt/heimilisvoerur-1000-500-px.png",
     "level": 1
    },
    {
     "name": "Búsáhöld",
     "url": "/voerur/heimilisvoerur/busahoeld/",
     "categoryId": "61afa98d58952c9651e559fd",
     "categoryImageUrl": "https://cdne-image-prod-samkaup.azureedge.net/images-cms/media/uuwp3ewo/búsáhoeld-1000-500-px.png",
     "level": 2
    },
    {
     "name": "Krukkur og ílát",
     "url": "/voerur/heimilisvoerur/busahoeld/krukkur-og-ilat/",
     "categoryId": "62695fb4a029622018e30283",
     "categoryImageUrl": "https://cdne-image-prod-samkaup.azureedge.net/images-cms/media/bgbf4a3r/empty-top-100.png",
     "level": 3
    }
   ],
   "url": "/voerur/heimilisvoerur/busahoeld/krukkur-og-ilat/geymslukassi-810-ml-p-30160954",
   "availableInStock": 6,
   "alwaysInStock": false
  },
  {
   "sku": "30144674",
   "displayName": "Geymslukassi 90 ltr.",
   "brand": "Sistema",
   "weight": "",
   "country": "NZ",
   "productTeaser": "",
   "salesPrice": 6059.0,
   "pricePerUnit": null,
   "unitOfMeasure": null,
   "icons": [],
   "hazardLabels": [],
   "imageUrl": "https://cdne-image-prod-samkaup.azureedge.net/images-pim/30144674/30144674.png",
   "offer": null,
   "bonus": null,
   "breadcrumbs": [
    {
     "name": "Vörur",
     "url": "/voerur/",
     "categoryId": null,
     "categoryImageUrl": "https://cdne-image-prod-samkaup.azureedge.net/images-cms/media/0btnugbh/fruits-and-vegetables-768x512.jpg",
     "level": 0
    },
    {
     "name": "Heimilisvörur",
     "url": "/voerur/heimilisvoerur/",
     "categoryId": "61aa173cdfbb03c07550ae16",
     "categoryImageUrl": "https://cdne-image-prod-samkaup.azureedge.net/images-cms/media/r02bbbqt/heimilisvoerur-1000-500-px.png",
     "level": 1
    },
    {
     "name": "Búsáhöld",
     "url": "/voerur/heimilisvoerur/busahoeld/",
     "categoryId": "61afa98d58952c9651e559fd",
     "categoryImageUrl": "https://cdne-image-prod-samkaup.azureedge.net/images-cms/media/uuwp3ewo/búsáhoeld-1000-500-px.png",
     "level": 2
    },
    {
     "name": "Krukkur og ílát",
     "url": "/voerur/heimilisvoerur/busahoeld/krukkur-og-ilat/",
     "categoryId": "62695fb4a029622018e30283",
     "categoryImageUrl": "https://cdne-image-prod-samkaup.azureedge.net/images-cms/media/bgbf4a3r/empty-top-100.png",
     "level": 3
    }
   ],
   "url": "/voerur/heimilisvoerur/busahoeld/krukkur-og-ilat/geymslukassi-90-ltr-p-30144674",
   "availableInStock": 8,
   "alwaysInStock": false
  },
  {
   "sku": "30210933",
   "displayName": "Gift set kitchen cleaners in basket",
   "brand": "Maku",
   "weight": "",
   "country": "FI",
   "productTeaser": "",
   "salesPrice": 3939.0,
   "pricePerUnit": null,
   "unitOfMeasure": null,
   "icons": [],
   "hazardLabels": [],
   "imageUrl": "https://cdne-image-prod-samkaup.azureedge.net/images-pim/30210933/30210933_at8n8z.png",
   "offer": null,
   "bonus": null,
   "breadcrumbs": [
    {
     "name": "Vörur",
     "url": "/voerur/",
     "categoryId": null,
     "categoryImageUrl": "https://cdne-image-prod-samkaup.azureedge.net/images-cms/media/0btnugbh/fruits-and-vegetables-768x512.jpg",
     "level": 0
    },
    {
     "name": "Heimilisvörur",
     "url": "/voerur/heimilisvoerur/",
     "categoryId": "61aa173cdfbb03c07550ae16",
     "categoryImageUrl": "https://cdne-image-prod-samkaup.azureedge.net/images-cms/media/r02bbbqt/heimilisvoerur-1000-500-px.png",
     "level": 1
    },
    {
     "name": "Hreinlætisáhöld",
     "url": "/voerur/heimilisvoerur/hreinlaetisahoeld/",
     "categoryId": "61afa989dfbb03c07551039b",
     "categoryImageUrl": "https://cdne-image-prod-samkaup.azureedge.net/images-cms/media/tfqfbcht/hreinlaetisáhoeld-1000-500-px.png",
     "level": 2
    },
    {
     "name": "Uppþvottaburstar",
     "url": "/voerur/heimilisvoerur/hreinlaetisahoeld/uppthvottaburstar/",
     "categoryId": "624c21cfae8a756a4482eb7f",
     "categoryImageUrl": "https://cdne-image-prod-samkaup.azureedge.net/images-cms/media/bgbf4a3r/empty-top-100.png",
     "level": 3
    }
   ],
   "url": "/voerur/heimilisvoerur/hreinlaetisahoeld/uppthvottaburstar/gift-set-kitchen-cleaners-in-basket-p-30210933",
   "availableInStock": 45,
   "alwaysInStock": false
  },
  {
   "sku": "30200986",
   "displayName": "Glas 220 ml.",
   "brand": "Maku",
   "weight": "",
   "country": "CN",
   "productTeaser": "",
   "salesPrice": 699.0,
   "pricePerUnit": null,
   "unitOfMeasure": null,
   "icons": [],
   "hazardLabels": [],
   "imageUrl": "https://cdne-image-prod-samkaup.azureedge.net/images-pim/30200986/30200986_1.jpg",
   "offer": null,
   "bonus": null,
   "breadcrumbs": [
    {
     "name": "Vörur",
     "url": "/voerur/",
     "categoryId": null,
     "categoryImageUrl": "https://cdne-image-prod-samkaup.azureedge.net/images-cms/media/0btnugbh/fruits-and-vegetables-768x512.jpg",
     "level": 0
    },
    {
     "name": "Heimilisvörur",
     "url": "/voerur/heimilisvoerur/",
     "categoryId": "61aa173cdfbb03c07550ae16",
     "categoryImageUrl": "https://cdne-image-prod-samkaup.azureedge.net/images-cms/media/r02bbbqt/heimilisvoerur-1000-500-px.png",
     "level": 1
    },
    {
     "name": "Búsáhöld",
     "url": "/voerur/heimilisvoerur/busahoeld/",
     "categoryId": "61afa98d58952c9651e559fd",
     "categoryImageUrl": "https://cdne-image-prod-samkaup.azureedge.net/images-cms/media/uuwp3ewo/búsáhoeld-1000-500-px.png",
     "level": 2
    },
    {
     "name": "Bollar og glös",
     "url": "/voerur/heimilisvoerur/busahoeld/bollar-og-gloes/",
     "categoryId": "624c220fd70c9cb51042ca69",
     "categoryImageUrl": "https://cdne-image-prod-samkaup.azureedge.net/images-cms/media/bgbf4a3r/empty-top-100.png",
     "level": 3
    }
   ],
   "url": "/voerur/heimilisvoerur/busahoeld/bollar-og-gloes/glas-220-ml-p-30200986",
   "availableInStock": 8,
   "alwaysInStock": false
  },
  {
   "sku": "30107424",
   "displayName": "Glerhreinsir",
   "brand": "Coop",
   "weight": "750 ml.",
   "country": "EE",
   "productTeaser": "",
   "salesPrice": 399.0,
   "pricePerUnit": 532.0,
   "unitOfMeasure": "ltr.",
   "icons": [],
   "hazardLabels": [],
   "imageUrl": "https://cdne-image-prod-samkaup.azureedge.net/images-pim/30107424/30107424.png",
   "offer": null,
   "bonus": null,
   "breadcrumbs": [
    {
     "name": "Vörur",
     "url": "/voerur/",
     "categoryId": null,
     "categoryImageUrl": "https://cdne-image-prod-samkaup.azureedge.net/images-cms/media/0btnugbh/fruits-and-vegetables-768x512.jpg",
     "level": 0
    },
    {
     "name": "Heimilisvörur",
     "url": "/voerur/heimilisvoerur/",
     "categoryId": "61aa173cdfbb03c07550ae16",
     "categoryImageUrl": "https://cdne-image-prod-samkaup.azureedge.net/images-cms/media/r02bbbqt/heimilisvoerur-1000-500-px.png",
     "level": 1
    },
    {
     "name": "Hreinlætisvörur",
     "url": "/voerur/heimilisvoerur/hreinlaetisvoerur/",
     "categoryId": "61afa983bffe2443147fb138",
     "categoryImageUrl": "https://cdne-image-prod-samkaup.azureedge.net/images-cms/media/e1nfe2ng/hreinlaetisvoerur-1000-500-px.png",
     "level": 2
    },
    {
     "name": "Hreinsiefni",
     "url": "/voerur/heimilisvoerur/hreinlaetisvoerur/hreinsiefni/",
     "categoryId": "61afa9ecbffe2443147fb13e",
     "categoryImageUrl": "https://cdne-image-prod-samkaup.azureedge.net/images-cms/media/bgbf4a3r/empty-top-100.png",
     "level": 3
    }
   ],
   "url": "/voerur/heimilisvoerur/hreinlaetisvoerur/hreinsiefni/glerhreinsir-p-30107424",
   "availableInStock": 21,
   "alwaysInStock": false
  },
  {
   "sku": "30198440",
   "displayName": "Glerkrukka 580 ml.",
   "brand": "Maku",
   "weight": "58 ml.",
   "country": "CN",
   "productTeaser": "",
   "salesPrice": 1719.0,
   "pricePerUnit": 29638.0,
   "unitOfMeasure": "ltr.",
   "icons": [],
   "hazardLabels": [],
   "imageUrl": "https://cdne-image-prod-samkaup.azureedge.net/images-pim/30198440/30198440.jpg",
   "offer": null,
   "bonus": null,
   "breadcrumbs": [
    {
     "name": "Vörur",
     "url": "/voerur/",
     "categoryId": null,
     "categoryImageUrl": "https://cdne-image-prod-samkaup.azureedge.net/images-cms/media/0btnugbh/fruits-and-vegetables-768x512.jpg",
     "level": 0
    },
    {
     "name": "Heimilisvörur",
     "url": "/voerur/heimilisvoerur/",
     "categoryId": "61aa173cdfbb03c07550ae16",
     "categoryImageUrl": "https://cdne-image-prod-samkaup.azureedge.net/images-cms/media/r02bbbqt/heimilisvoerur-1000-500-px.png",
     "level": 1
    },
    {
     "name": "Búsáhöld",
     "url": "/voerur/heimilisvoerur/busahoeld/",
     "categoryId": "61afa98d58952c9651e559fd",
     "categoryImageUrl": "https://cdne-image-prod-samkaup.azureedge.net/images-cms/media/uuwp3ewo/búsáhoeld-1000-500-px.png",
     "level": 2
    },
    {
     "name": "Krukkur og ílát",
     "url": "/voerur/heimilisvoerur/busahoeld/krukkur-og-ilat/",
     "categoryId": "62695fb4a029622018e30283",
     "categoryImageUrl": "https://cdne-image-prod-samkaup.azureedge.net/images-cms/media/bgbf4a3r/empty-top-100.png",
     "level": 3
    }
   ],
   "url": "/voerur/heimilisvoerur/busahoeld/krukkur-og-ilat/glerkrukka-580-ml-p-30198440",
   "availableInStock": 11,
   "alwaysInStock": false
  },
  {
   "sku": "30198441",
   "displayName": "Glerkrukka með viðarloki",
   "brand": "Maku",
   "weight": "",
   "country": "CN",
   "productTeaser": "80 cl.",
   "salesPrice": 2019.0,
   "pricePerUnit": null,
   "unitOfMeasure": null,
   "icons": [],
   "hazardLabels": [],
   "imageUrl": "https://cdne-image-prod-samkaup.azureedge.net/images-pim/30198441/30198441.jpg",
   "offer": null,
   "bonus": null,
   "breadcrumbs": [
    {
     "name": "Vörur",
     "url": "/voerur/",
     "categoryId": null,
     "categoryImageUrl": "https://cdne-image-prod-samkaup.azureedge.net/images-cms/media/0btnugbh/fruits-and-vegetables-768x512.jpg",
     "level": 0
    },
    {
     "name": "Heimilisvörur",
     "url": "/voerur/heimilisvoerur/",
     "categoryId": "61aa173cdfbb03c07550ae16",
     "categoryImageUrl": "https://cdne-image-prod-samkaup.azureedge.net/images-cms/media/r02bbbqt/heimilisvoerur-1000-500-px.png",
     "level": 1
    },
    {
     "name": "Búsáhöld",
     "url": "/voerur/heimilisvoerur/busahoeld/",
     "categoryId": "61afa98d58952c9651e559fd",
     "categoryImageUrl": "https://cdne-image-prod-samkaup.azureedge.net/images-cms/media/uuwp3ewo/búsáhoeld-1000-500-px.png",
     "level": 2
    },
    {
     "name": "Krukkur og ílát",
     "url": "/voerur/heimilisvoerur/busahoeld/krukkur-og-ilat/",
     "categoryId": "62695fb4a029622018e30283",
     "categoryImageUrl": "https://cdne-image-prod-samkaup.azureedge.net/images-cms/media/bgbf4a3r/empty-top-100.png",
     "level": 3
    }
   ],
   "url": "/voerur/heimilisvoerur/busahoeld/krukkur-og-ilat/glerkrukka-med-vidarloki-p-30198441",
   "availableInStock": 5,
   "alwaysInStock": false
  },
  {
   "sku": "10084370",
   "displayName": "Glósubók Gormur",
   "brand": "Penninn",
   "weight": "",
   "country": "",
   "productTeaser": "",
   "salesPrice": 349.0,
   "pricePerUnit": null,
   "unitOfMeasure": null,
   "icons": [],
   "hazardLabels": [],
   "imageUrl": "https://cdne-image-prod-samkaup.azureedge.net/images-pim/10084370/10084370.jpg",
   "offer": null,
   "bonus": null,
   "breadcrumbs": [
    {
     "name": "Vörur",
     "url": "/voerur/",
     "categoryId": null,
     "categoryImageUrl": "https://cdne-image-prod-samkaup.azureedge.net/images-cms/media/0btnugbh/fruits-and-vegetables-768x512.jpg",
     "level": 0
    },
    {
     "name": "Heimilisvörur",
     "url": "/voerur/heimilisvoerur/",
     "categoryId": "61aa173cdfbb03c07550ae16",
     "categoryImageUrl": "https://cdne-image-prod-samkaup.azureedge.net/images-cms/media/r02bbbqt/heimilisvoerur-1000-500-px.png",
     "level": 1
    },
    {
     "name": "Skóla-og skrifstofuvörur",
     "url": "/voerur/heimilisvoerur/skola-og-skrifstofuvoerur/",
     "categoryId": "61afa9a5bffe2443147fb13a",
     "categoryImageUrl": "https://cdne-image-prod-samkaup.azureedge.net/images-cms/media/otsmhl0j/skólavoerur-1000-500-px.png",
     "level": 2
    },
    {
     "name": "Pappír og skrifbækur",
     "url": "/voerur/heimilisvoerur/skola-og-skrifstofuvoerur/pappir-og-skrifbaekur/",
     "categoryId": "624c2522061b04309fa3f449",
     "categoryImageUrl": "https://cdne-image-prod-samkaup.azureedge.net/images-cms/media/bgbf4a3r/empty-top-100.png",
     "level": 3
    }
   ],
   "url": "/voerur/heimilisvoerur/skola-og-skrifstofuvoerur/pappir-og-skrifbaekur/glosubok-gormur-p-10084370",
   "availableInStock": 0,
   "alwaysInStock": true
  }
 ],
 "facets": [],
 "sortBy": [
  "MostPopular",
  "PriceAsc",
  "PriceDesc",
  "AZ",
  "ZA"
 ],
 "totalHits": 300,
 "categories": [],
 "bonus": null
}